1944 3282
367 312 427 358 32

296 433 376 479 52.
405 451 489 492 -;
528 431 656 480 Hist.
702 436 743 496 1,
765 437 842 482 22.
870 464 937 472 —-
955 439 1032 485 28.
1059 468 1116 475 —
1142 441 1216 487 75.
1239 469 1305 474 —
1324 445 1361 501 2,
1387 441 1460 486 19.
1484 468 1547 473 ——
1567 441 1643 486 95.
1665 472 1730 478 --
1751 442 1793 501 3,

301 510 341 556 7.
366 538 428 542 —
450 511 524 557 69.
549 539 612 544 —-
631 516 676 573 4,
699 512 728 557 8
765 518 899 560 metu
943 513 1158 578 invidiae,
1199 517 1240 564 si
1276 516 1371 581 ipsi
1407 516 1708 580 eligerentur
1733 545 1791 552 -—

296 588 340 647 4,
364 587 439 633 59.
475 615 542 621 —
578 589 636 635 72
675 596 809 637 metu
845 590 1074 656 infamiae,
1114 594 1155 642 si
1190 627 1256 633 -
1281 594 1600 644 crederentur
1626 623 1689 628 —
1716 595 1790 641 83.

296 694 359 700 --
381 666 424 725 5,
449 666 523 712 18.

430 741 559 790 Fieri
606 743 743 806 solet,
781 752 835 792 ut
870 745 920 793 in
957 746 1050 795 obl.
1091 766 1175 811 or„
1215 767 1512 814 quamquam
1549 765 1637 813 per
1672 765 1796 811 pra>-

293 818 493 867 teritum
536 820 739 870 inducta
792 830 880 886 est,
926 842 1014 888 pro
1058 825 1344 890 imperfecto
1375 847 1586 892 praesens
1623 825 1795 874 adhib-

291 904 409 945 eant
457 915 620 946 rerum
664 907 919 964 gestarum
963 902 1241 967 scriptores,
1285 923 1372 969 pro
1407 903 1790 968 plusquamperf.

287 979 568 1042 perfectum,
625 995 772 1041 quam
826 980 1237 1029 consuetudinem
1291 982 1352 1030 ab
1395 989 1537 1030 aetate
1583 981 1794 1029 Caesaris

292 1053 658 1116 percrebruisse
696 1055 816 1104 satis
849 1057 1107 1122 const-(w).
1182 1060 1346 1124 Atque
1389 1078 1538 1124 quum
1566 1059 1738 1106 Livius
1755 1060 1792 1121 2)

291 1129 471 1195 aliique
508 1131 887 1182 innumerabilia
922 1135 1022 1183 fere
1060 1137 1287 1201 exempla
1305 1137 1558 1202 praebeant
1580 1136 1793 1186 varient-

291 1225 386 1272 que
411 1215 632 1273 tempora
650 1211 702 1258 in
721 1212 895 1259 eadem
915 1213 1148 1276 oratione,
1169 1214 1375 1279 Draeger
1389 1217 1521 1279 (pag.
1535 1215 1650 1280 215)
1661 1221 1792 1263 recte

289 1286 478 1335 dixisse
515 1287 636 1335 mihi
672 1287 882 1351 videtur,
922 1290 1185 1354 scriptores
1212 1292 1458 1356 praecipue
1485 1293 1647 1341 studio
1673 1311 1792 1358 quo-

289 1363 404 1411 dam
445 1364 671 1413 variandi
713 1375 984 1416 commotos
1021 1369 1232 1418 diversis
1268 1370 1571 1434 temporibus
1607 1370 1678 1418 uti
1716 1388 1792 1419 so-

287 1441 387 1489 lere
405 1441 454 1505 ³).
526 1442 701 1507 Neque
738 1451 904 1493 tamen
939 1446 1045 1494 fieri
1081 1454 1257 1511 potest,
1296 1448 1414 1512 quin
1450 1448 1713 1512 praesentia
1743 1456 1793 1496 et

287 1519 518 1583 perfecta,
555 1528 611 1568 ut
645 1521 822 1570 melius
857 1523 1162 1589 intelligatur
1197 1525 1537 1573 condicionem
1569 1525 1640 1574 rei
1664 1525 1791 1573 veri-

286 1597 375 1644 tati
429 1615 529 1645 non
581 1599 856 1663 oppositam
911 1618 1035 1663 esse,
1087 1603 1335 1652 interdum
1388 1610 1623 1667 usurpata
1675 1603 1786 1652 sint.

287 1674 353 1721 Et
411 1675 472 1723 de
522 1674 692 1724 Tacito
746 1677 947 1741 quidem
1000 1680 1091 1728 hoc
1146 1688 1337 1729 tantum
1390 1681 1595 1745 Draeger
1648 1680 1788 1729 dicit:

288 1752 445 1800 ''auch
482 1752 594 1801 Tac.
634 1754 719 1802 hat
755 1755 890 1804 diese
918 1757 1065 1805 Form
1092 1758 1179 1806 der
1205 1758 1627 1823 Repraesentation
1654 1759 1791 1806 nicht

286 1830 459 1893 selten,
516 1849 555 1878 z.
612 1831 666 1883 Β.
722 1833 854 1884 Ann.
900 1837 945 1897 2,
972 1835 1077 1883 77”.
1156 1836 1195 1883 F
1199 1836 1578 1900 requentissime
1624 1844 1787 1884 autem

285 1925 399 1956 eum
444 1909 774 1972 praesentibus
810 1912 1115 1976 temporibus
1151 1913 1221 1961 uti
1258 1923 1522 1978 antequam
1559 1914 1788 1962 ostenda-

285 2003 409 2048 mus,
473 1987 700 2051 exempla
758 1989 1010 2037 varietatis
1071 1999 1364 2056 temporum,
1424 2009 1533 2056 quae
1585 1991 1636 2038 in
1691 2009 1785 2039 una

282 2063 557 2128 eademque
611 2065 828 2114 oratione
872 2067 1014 2129 inest,
1054 2068 1337 2129 afferantur3
1375 2069 1659 2117 addendum
1696 2078 1784 2121 est.

283 2141 430 2205 quod,
470 2141 597 2189 sicut
631 2150 744 2207 post
778 2144 1093 2208 praeteritum,
1132 2164 1229 2210 quo
1265 2164 1331 2195 or.
1372 2146 1634 2208 inducitur,
1663 2165 1785 2211 prae-

284 2219 443 2267 sentia
495 2226 545 2267 et
595 2221 825 2284 perfecta,
869 2222 936 2270 ita
978 2231 1091 2286 post
1131 2241 1351 2288 praesens
1387 2225 1500 2272 hist.
1540 2225 1784 2289 praeterita

283 2304 558 2360 sequuntur
574 2297 623 2362 4).
731 2298 871 2364 Saepe
914 2308 1079 2348 tamen
1126 2309 1202 2349 est
1241 2302 1463 2365 verbum,
1502 2320 1527 2350 e
1582 2320 1678 2367 quo
1716 2321 1780 2351 or.

281 2374 376 2422 obl.
433 2375 694 2440 dependet,
751 2377 1011 2426 omissum:
1056 2380 1186 2430 Ann.
1237 2382 1360 2440 1,17
1412 2380 1781 2444 (interrogabatl

281 2452 377 2499 nisi
404 2481 468 2488 —
494 2453 708 2513 adirent3
753 2454 793 2501 si
831 2454 942 2518 quis
965 2484 1026 2489 —
1054 2457 1381 2520 superaverim
1420 2458 1459 2505 si
1488 2491 1553 2496 -—
1579 2458 1784 2506 iniretur

280 2560 347 2565 —
382 2532 439 2578 19
487 2530 595 2593 (ait)
640 2533 679 2579 si
717 2563 778 2566 —
803 2532 1077 2595 tenderent,
1117 2551 1225 2598 quae
1252 2569 1316 2574 —
1344 2535 1779 2599 expostulaverint.

279 2624 367 2654 cur
392 2640 459 2646 —-
483 2609 784 2658 meditentur
814 2640 872 2645 -u
902 2613 945 2670 3,
969 2612 1345 2676 34(1·esp0ndit)
1385 2613 1424 2660 si
1461 2613 1643 2661 femina
1680 2631 1782 2661 mo-

394 2719 425 2767 1)
458 2722 719 2767 ’'Dergleichen
751 2724 949 2759 Praesentia
983 2725 1106 2760 fehlen
1139 2727 1198 2760 bei
1228 2727 1318 2770 Cic.;
1350 2727 1516 2772 dagegen
1549 2728 1687 2762 kommt
1720 2729 1782 2762 der

278 2777 494 2822 conjunctiv
525 2779 588 2813 des
617 2778 782 2814 Perfects
812 2782 909 2814 vor”.
968 2781 1066 2815 Hist.
1097 2781 1238 2826 Syntax
1269 2794 1352 2827 pag.
1385 2783 1473 2817 ⁴213.

391 2829 425 2878 2)
458 2834 549 2868 Vide
581 2835 771 2870 KUHNAST.
803 2847 885 2880 pag.
918 2836 994 2871 219
1028 2848 1127 2880 sequ.

392 2884 424 2932 ³)
455 2888 518 2923 Cfr
548 2891 671 2923 etiam:
704 2890 837 2924 Lupus:
870 2891 941 2925 Der
971 2890 1298 2935 Sprachgebrauch
1331 2892 1394 2926 dos
1424 2893 1613 2927 Cornelius
1644 2893 1777 2938 Nepos.

279 2941 401 2976 Berlin
437 2944 538 2978 1876
572 2956 655 2989 pag.
689 2946 777 2980 135.
807 2965 860 2970 —

390 2995 424 3041 ⁴²)
456 2998 520 3033 Cfr
551 3000 705 3044 Lupum,
737 3000 759 3034 l.
789 3012 817 3035 (-.
