1944 3282
371 248 432 294 10

303 367 355 415 in
409 366 716 416 secundariis
768 367 1200 419 enunciationibus
1236 370 1558 434 condicionis,
1594 389 1695 420 non
1731 390 1807 422 so-

304 444 406 492 lum
443 452 498 492 ut
531 444 851 510 potentialem
886 445 989 493 vim
1026 446 1272 511 exhibeat,
1311 448 1401 496 sed
1436 447 1608 512 etiam,
1655 467 1806 514 quum

306 521 493 587 ahquid
543 522 776 587 praesenti
829 530 1050 588 tempore
1105 542 1236 590 saepe
1280 525 1387 574 fieri
1424 525 1807 590 significandum

304 599 380 662 sit,
443 617 638 665 semper
693 600 795 649 fere
853 618 1092 665 usurpare
1149 602 1376 651 Tacitum
1439 603 1808 668 conjunctivum

304 677 471 738 (modo
520 677 574 724 in
627 676 802 740 altera,
855 677 1003 727 modo
1040 678 1093 726 in
1127 680 1271 729 tertia
1305 697 1518 746 persona
1553 680 1807 746 positum),

304 755 436 820 quod
489 755 691 820 quidem
744 755 928 820 optime
963 774 991 804 e
1028 755 1296 807 Germania
1346 758 1559 823 intelligi
1616 758 1805 822 licet.¹).

305 832 629 881 Grammatici
665 832 976 882 iterationem
1017 852 1107 900 per
1145 836 1517 901 conjunctivum
1547 836 1809 901 praesentis

304 910 515 975 exprimi
569 909 741 973 solere,
796 911 929 975 quod
982 913 1158 978 sciam,
1210 931 1312 962 non
1356 913 1536 962 docent
1572 913 1656 977 (de
1692 931 1809 962 con—

295 988 526 1053 junctivo
577 991 842 1056 imperfecti
893 995 943 1037 et
985 994 1454 1060 plusquamperfecti
1505 991 1806 1040 mentionem

302 1065 554 1128 faoiunt2).
626 1065 943 1130 lVoLFFL1N3)
981 1075 1146 1117 autem
1200 1069 1284 1134 (ad
1321 1068 1381 1118 Gr.
1424 1071 1500 1133 10,
1536 1068 1621 1116 ubi
1658 1068 1808 1117 Halm

302 1143 586 1191 consuletur
621 1143 674 1190 in
709 1146 1005 1196 consultetur
1041 1147 1273 1212 mutavit)
1310 1147 1449 1210 dixit,
1504 1163 1558 1194 se
1599 1146 1808 1195 formam

303 1220 489 1268 Halmii
557 1227 799 1269 mutatam
865 1223 1247 1289 approbantem,
1309 1225 1441 1290 quod
1499 1223 1581 1272 ille
1640 1224 1808 1273 obser-

301 1305 483 1362 vasset,
544 1298 689 1347 «dass
742 1299 832 1347 das
884 1304 1096 1353 iterative
1147 1307 1191 1354 si
1243 1308 1313 1355 bei
1350 1307 1462 1354 Tac.
1501 1306 1807 1370 reyelma'ssiq

302 1381 393 1427 den
429 1381 693 1445 conjunctiv
729 1381 894 1440 habe»,
948 1395 1122 1426 verum
1158 1396 1269 1428 esse
1303 1379 1530 1444 pluribus
1565 1379 1808 1444 exemplis

302 1453 565 1502 ostendere
601 1453 755 1515 velle3
792 1461 843 1502 et
877 1455 1018 1503 affert
1052 1456 1340 1519 sententias,
1377 1456 1430 1503 in
1466 1456 1646 1520 quibus
1676 1478 1808 1524 prce-

300 1553 407 1583 sens
458 1531 592 1580 inest
645 1532 788 1595 (Agr.
844 1534 909 1580 24
963 1533 1004 1582 si
1058 1541 1383 1599 comparetur,
1437 1536 1504 1582 44
1553 1534 1594 1583 si
1631 1534 1806 1595 velint;

301 1609 429 1658 Hist.
461 1612 503 1672 1,
534 1612 593 1659 16
626 1616 676 1657 et
700 1609 742 1657 si
766 1609 907 1675 velis)
947 1618 997 1659 et
1030 1630 1186 1660 unum
1221 1615 1489 1680 imperfecti
1524 1613 1806 1677 exemplum

301 1687 452 1746 (Hist.
480 1690 526 1749 4,
555 1688 582 1734 6
620 1704 736 1734 nam
773 1687 815 1736 si
852 1689 1051 1738 caderet
1085 1689 1363 1753 Marcellus,
1401 1707 1585 1754 agmen
1621 1697 1808 1738 sterne-

300 1765 444 1814 batur
499 1765 596 1827 [?]).
683 1764 835 1813 Recte
889 1784 1007 1815 sane
1043 1775 1121 1815 est
1156 1767 1488 1830 observatum,
1527 1767 1569 1816 si
1606 1767 1807 1832 quidem

299 1860 446 1890 usum
498 1842 760 1907 praesentis
812 1850 862 1891 et
912 1843 1187 1909 imperfecti
1247 1852 1609 1909 spectaverunt.
1663 1849 1802 1897 Plus-

305 1923 664 1989 qzca72zperfect2',
705 1920 766 1969 de
803 1939 900 1986 quo
935 1930 1108 1987 postea
1144 1922 1523 1987 disputabimus,
1562 1923 1805 1972 contraria

301 2007 376 2047 est
427 1998 551 2047 ratio
599 1998 682 2061 ita,
735 2005 790 2046 ut
844 2006 1128 2048 constanter
1179 2000 1479 2049 indicativus
1522 2009 1799 2066 usurpetur.

300 2075 359 2123 In
394 2093 550 2124 unum
585 2076 748 2124 locum
785 2076 1014 2142 exempla
1048 2078 1329 2142 praesentis,
1368 2078 1473 2127 sive
1510 2079 1661 2127 altera
1698 2079 1804 2127 sive

300 2153 443 2201 tertia
477 2171 690 2218 persona
724 2154 946 2204 adhibita
982 2163 1071 2218 est,
1110 2156 1380 2204 conferam:
1423 2160 1554 2205 Ann.
1593 2159 1638 2219 4,
1662 2159 1724 2204 34
1762 2156 1803 2204 si

302 2236 529 2293 irascare,
568 2231 774 2296 adgnita
808 2231 1042 2280 videntur
1071 2263 1126 2269 -—
1163 2235 1222 2281 51
1263 2241 1325 2296 et,
1359 2234 1400 2282 si
1438 2240 1620 2298 cedant,
1647 2234 1803 2298 insig—

303 2308 452 2356 nitius
504 2309 749 2374 flagitium
805 2310 900 2374 (11,
922 2312 987 2357 24
1040 2327 1095 2359 ac
1147 2319 1329 2375 tamen,
1385 2311 1425 2360 si
1462 2319 1639 2360 cuncta
1674 2312 1803 2360 bella

303 2407 565 2450 recenseas,
625 2386 816 2434 nullum
867 2386 1094 2436 breviore
1145 2389 1304 2453 spatio
1357 2406 1505 2453 quam
1563 2390 1803 2438 adversus

414 2553 446 2601 l)
470 2556 622 2601 Aliquot
651 2557 742 2592 locis
771 2557 1015 2591 indicativum
1047 2569 1112 2602 pro
1142 2559 1382 2604 conjunctivo
1413 2561 1465 2594 sic
1495 2563 1711 2604 usurpatum
1749 2571 1801 2593 re-

301 2613 395 2656 peri:
426 2614 524 2648 Ann.
557 2614 676 2655 4,17.
708 2632 761 2638 —-
792 2613 835 2649 G.
870 2613 920 2649 20
953 2613 1057 2658 (vide
1091 2614 1231 2660 supra).
1261 2634 1315 2639 ——
1345 2616 1434 2660 Agr.
1466 2616 1529 2650 30.
1558 2636 1612 2640 -
1643 2615 1803 2659 Dialogi‚

301 2667 384 2710 quia
408 2667 519 2713 longe
542 2668 650 2703 aliam
674 2669 917 2703 elocutionem
948 2669 1098 2713 praebet,
1120 2670 1287 2715 exempla
1309 2671 1514 2705 accuratius
1544 2683 1618 2705 non
1648 2670 1803 2716 inspexi.

302 2722 365 2756 Cfr
408 2723 452 2757 de
496 2723 564 2757 hac
607 2736 644 2758 rc
688 2725 799 2758 etiam
845 2724 986 2767 Krehs„
1017 2724 1112 2758 Einl.
1144 2725 1163 2770 ξ
1199 2726 1286 2759 124.
1318 2745 1370 2750 -
1401 2722 1434 2770 2)
1466 2726 1619 2770 Madvig
1650 2725 1669 2770 ξ
1702 2726 1801 2764 359;

304 2778 394 2820 2335,
425 2789 510 2812 ann.
544 2781 577 2812 1.
635 2779 925 2814 Latum-Muller
956 2779 975 2823 ξ
1012 2780 1105 2823 180,
1151 2791 1236 2814 ann.
1268 2780 1310 2821 3;
1355 2780 1424 2816 cfr.
1459 2781 1547 2820 162,
1578 2792 1610 2826 c,
1641 2791 1725 2814 ann.
1758 2780 1801 2818 2;

302 2835 566 2867 AUTFNfflETn:
598 2834 821 2878 Grundziige
851 2834 915 2867 der
944 2834 1175 2868 Moduslehre
1205 2835 1254 2868 im
1273 2834 1416 2869 Griech.
1436 2835 1509 2870 und
1529 2835 1803 2869 Latcinischen.

304 2887 533 2932 Programm,
564 2888 748 2933 Erlangen
784 2889 899 2924 1875.
930 2889 1014 2922 VII.
1045 2909 1097 2914 —-
1129 2885 1162 2933 3)
1194 2889 1408 2935 Philologus
1442 2902 1516 2925 von
1547 2890 1705 2925 Leutsch
1738 2890 1801 2925 26,

304 2953 386 2987 pag.
421 2943 508 2977 162.
