1944 3282
1596 225 1655 270 37

236 384 289 390 -—
317 356 360 416 3,
384 354 444 401 86
488 351 671 416 ubique
712 351 766 399 in
801 349 1001 414 obliqua
1036 366 1102 397 or.
1125 348 1184 409 ¹);
1222 364 1323 394 non
1358 343 1511 392 multo
1548 342 1727 408 saepius

225 450 339 481 cum
398 434 673 498 impevfecto
694 430 747 493 2),
810 426 1097 492 saepissime,
1152 424 1346 473 circiter
1398 425 1728 490 quinquayies,

225 527 337 558 cum
385 511 876 576 plusqzeampeqfecto.
904 539 967 545 —-—
994 503 1136 563 Quod
1180 502 1324 550 docet
1358 499 1511 548 Hand
1529 499 1582 563 3),
1620 516 1730 563 pro-

225 587 383 652 priam
422 585 592 634 sedem
628 589 680 636 m'
714 583 936 633 obtinere
972 582 1023 630 in
1061 578 1335 641 sententiis,
1373 577 1554 642 quibus
1584 576 1730 624 minae

225 671 374 728 atque
412 663 682 711 vehemens
718 661 997 726 indignatio
1030 657 1346 723 exprimatur,
1373 655 1505 720 quod
1530 654 1731 719 quidem

226 742 295 790 ita
347 740 667 806 comprobare
720 746 938 801 conatur,
983 744 1039 785 ut
1073 733 1300 798 exempla
1336 750 1489 797 quum
1525 750 1588 781 ex
1623 732 1731 780 aliis

228 818 551 884 scriptoribus
604 824 710 865 tum
752 835 779 865 e
821 815 991 864 Tacito
1033 811 1362 878 congesserit:
1399 811 1529 858 Ann.
1572 813 1647 872 13,
1670 812 1730 858 56

227 896 479 946 excidium
522 900 766 957 minitans,
811 898 863 945 πί
890 927 951 933 —-
976 891 1302 941 dissociarent
1325 918 1392 924 —
1424 891 1466 951 1,
1490 890 1550 936 35
1590 893 1732 939 mini-

230 987 397 1037 tantes,
436 979 488 1025 m'
521 973 888 1037 regrederetur3
928 970 1108 1035 quibus
1145 967 1377 1033 equidem
1413 965 1563 1014 addo:
1601 965 1729 1014 Hist.

233 1055 274 1115 1,
300 1054 359 1100 75
414 1055 609 1102 exitium
641 1080 706 1086 --
732 1054 976 1113 minitans,
1031 1053 1082 1100 m'
1107 1077 1171 1081 ——
1198 1057 1517 1107 servarentur,
1571 1043 1734 1090 minus

228 1129 426 1178 videtur
467 1135 670 1191 certum,
710 1128 751 1177 si
787 1128 840 1175 in
875 1125 1291 1191 comparationem
1329 1121 1567 1171 adhibeas
1603 1120 1732 1171 Ann.

232 1210 307 1270 13,
331 1209 407 1269 54,
462 1207 548 1255 ubi
601 1206 804 1271 legitur:
859 1208 1125 1257 minitando
1171 1202 1273 1249 Vim
1315 1201 1604 1260 Romanam,
1643 1202 1737 1250 m'szt

228 1284 558 1334 abscederent
607 1284 775 1345 Frisii3
818 1283 902 1346 ibi,
941 1281 1074 1347 quod
1110 1280 1277 1343 sciam,
1317 1297 1417 1327 non
1455 1277 1737 1341 discrepant

229 1362 371 1412 codd.
428 1362 602 1426 (Hand
645 1361 850 1424 addidit,
897 1364 963 1423 πί,
1009 1377 1110 1407 non
1153 1361 1260 1419 nisi,
1298 1356 1350 1404 in
1386 1355 1568 1405 talibus
1604 1354 1735 1404 locu-

229 1440 448 1490 tionibus
484 1440 626 1489 codd.
666 1439 937 1500 exhibere).

363 1529 465 1578 Vix
517 1526 1006 1577 commemorandum
1048 1530 1138 1587 est,
1184 1524 1312 1572 sicut
1352 1530 1547 1571 veteres
1584 1521 1736 1586 scrip-

230 1615 377 1668 tores,
431 1607 499 1655 ita
551 1606 665 1655 Tac.
710 1606 763 1654 in
806 1612 948 1667 sent.,
986 1603 1039 1651 in
1075 1602 1256 1667 quibus
1293 1601 1356 1650 ob
1393 1598 1735 1663 exceptionem

229 1685 506 1750 requiratur
560 1689 668 1747 nisi,
711 1700 982 1748 numquam
1025 1697 1264 1745 usurpare
1307 1683 1372 1730 ni.
1444 1678 1608 1741 Atque
1647 1693 1736 1724 sae-

231 1763 435 1828 pissime
488 1766 584 1814 nisi
625 1768 739 1826 post
783 1759 1048 1826 particulas
1091 1757 1353 1822 negativas
1389 1755 1606 1821 positum
1643 1772 1669 1802 e
1690 1762 1734 1802 st

232 1862 393 1909 neque,
447 1861 528 1892 nec
572 1839 726 1905 (quod
769 1838 903 1887 nullo
938 1835 1231 1901 interposito
1266 1833 1506 1883 vocabulo
1544 1850 1738 1897 semper

230 1918 511 1981 adhibetur,
539 1938 823 1986 numquam:
848 1937 994 1984 neque
1022 1916 1152 1977 nisi),
1175 1917 1350 1975 nullus,
1376 1934 1432 1963 ne
1450 1940 1516 1947 —-
1535 1915 1736 1979 quidem,

233 2018 358 2059 neve,
403 2017 642 2064 nusquam
679 2002 786 2058 cet.,
824 2000 938 2059 post
972 1990 1413 2055 interrogationem
1450 1993 1736 2056 negativam.

231 2104 298 2109 —
332 2073 598 2122 Nonnullis
643 2072 780 2135 locis,
819 2071 959 2137 quasi
995 2069 1196 2135 negatio
1233 2067 1567 2116 antecederet:
1604 2066 1734 2114 Ann.

236 2154 278 2214 1,
300 2154 361 2199 36
398 2158 672 2200 ceterorum
707 2150 970 2213 immunes,
1008 2148 1105 2196 nisi
1140 2145 1462 2212 propulsandi
1497 2145 1655 2194 hostis
1675 2175 1735 2179 —-

233 2232 299 2293 (2,
323 2231 382 2277 69
438 2229 606 2277 vetitis
659 2228 755 2277 nisi
798 2227 1047 2293 permissu
1082 2223 1279 2290 ingredi
1317 2223 1649 2286 senatoribus)
1674 2256 1740 2262 -

236 2309 312 2369 13,
335 2308 394 2354 51
450 2306 690 2355 militibus
743 2304 1031 2357 immunitas
1085 2309 1378 2364 servaretur,
1424 2301 1520 2350 nisi
1567 2301 1620 2348 in
1661 2300 1736 2361 iis,

234 2402 345 2448 quae
380 2401 509 2432 veno
545 2390 835 2432 exercerent
853 2413 916 2418 -—-
940 2384 1015 2445 15,
1040 2384 1099 2430 12
1139 2399 1193 2430 se
1231 2380 1328 2428 nisi
1353 2378 1624 2428 victoribus
1649 2378 1739 2426 im-

234 2463 404 2511 mitem
457 2479 567 2511 esse
623 2461 669 2526 (i.
725 2479 765 2510 e.
822 2478 875 2509 se
928 2458 1154 2524 fugitivis
1195 2457 1457 2517 immitem3
1501 2474 1602 2504 non
1642 2456 1737 2504 nisi

234 2540 505 2589 victoribus
558 2539 729 2587 mitem
782 2539 930 2599 esse).
959 2565 1025 2572 -—
1050 2536 1180 2584 Hist.
1220 2538 1266 2599 4,
1289 2537 1365 2584 50.
1394 2569 1459 2574 —
1487 2533 1572 2582 Cfr
1607 2533 1737 2583 Hist.

349 2663 379 2711 ¹)
410 2666 507 2701 Ann.
543 2667 575 2708 1,
594 2665 657 2700 29.
674 2684 726 2690 —-
743 2665 808 2699 48.
824 2683 878 2690 -—-
895 2663 1014 2707 4,17.
1031 2675 1102 2705 —3
1134 2662 1232 2696 Hist.
1265 2661 1382 2705 3,19.
1398 2681 1451 2685 —
1470 2661 1533 2696 84.
1549 2680 1602 2685 --
1618 2656 1656 2703 5,
1675 2659 1738 2695 25.

346 2718 380 2767 2)
412 2723 510 2756 Ann.
544 2722 577 2765 1,
596 2721 659 2756 35.
675 2740 729 2746 —
747 2720 782 2763 2,
801 2720 863 2755 35.
879 2740 934 2744 —
953 2719 1014 2762 12,
1032 2719 1096 2754 42.
1112 2738 1165 2743 --
1186 2718 1246 2760 13,
1265 2717 1338 2760 56;
1369 2717 1468 2751 Hist.
1504 2717 1536 2759 1,
1553 2716 1616 2754 75.
1634 2736 1687 2740 —
1705 2718 1740 2757 2,

237 2778 298 2812 83.
315 2797 368 2802 —-
386 2778 421 2822 3,
439 2778 503 2813 52.
519 2797 572 2803 -—-
592 2777 654 2812 62.
670 2797 724 2801 -
742 2776 804 2811 69.
821 2795 873 2801 --
891 2775 927 2818 4,
947 2775 983 2811 7.
1000 2795 1053 2799 -
1072 2774 1135 2809 83.
1151 2794 1205 2798 -
1222 2773 1340 2817 5,11.
1356 2793 1411 2797 »-
1425 2771 1536 2806 Nullo
1556 2771 1636 2806 loco
1656 2783 1737 2806 cum

234 2833 407 2878 praesenti
450 2833 509 2868 vel
546 2833 764 2878 imperfecto
801 2831 840 2865 in
875 2830 1079 2865 minoribus
1110 2829 1256 2874 scriptis
1283 2828 1523 2874 conjunctum
1553 2831 1627 2869 est;
1657 2839 1739 2862 cum

233 2890 541 2938 plusquamperf.
573 2889 630 2923 bis
660 2890 748 2934 Agr.
779 2888 815 2922 4.
833 2907 884 2913 —
905 2887 952 2921 13
986 2885 1180 2931 (hausisse,
1210 2886 1249 2920 ni
1265 2897 1338 2928 -2--3
1368 2885 1539 2930 agitasse,
1569 2883 1638 2928 ni).

348 2941 382 2989 3)
414 2946 450 2988 4,
481 2956 566 2990 pag.
599 2945 688 2979 193.
