1944 3282
1514 189 1574 234 13

140 315 259 381 quid
294 315 417 363 forte
453 330 597 362 aures
632 320 825 361 vestras
853 316 1157 380 perstrinyat
1208 310 1424 373 (variant
1475 308 1640 368 codd,

138 393 325 442 habent
342 422 406 427 -
425 397 463 443 it
478 424 545 430 --
565 404 606 442 et
626 424 689 429 —
707 403 778 451 <1²53
816 389 931 437 vide
952 388 1156 452 Orelli).
1179 421 1244 427 —
1269 386 1433 446 Quum
1470 403 1643 434 omnes

137 472 239 520 fere
294 468 564 519 sententias
616 476 763 517 rectae
815 467 1064 530 orationis,
1112 484 1318 531 quarum
1371 465 1423 512 in
1459 463 1643 529 protasi

139 548 438 597 indicativus
473 554 559 595 aut
593 547 838 611 conjunct.
878 544 1140 611 praesentis
1175 544 1367 610 positus
1404 550 1493 605 est,
1532 559 1642 607 pro-

138 627 396 675 tulerimus
448 624 847 690 explicatumque
885 624 962 687 sit,
999 630 1303 688 quantopere
1338 629 1561 686 tempora
1597 627 1646 668 et

139 704 273 753 modi
325 704 379 751 in
431 702 635 768 apodosi
688 702 963 765 varientur,
1020 699 1264 764 sequitur,
1309 706 1365 747 ut
1400 699 1462 747 ad
1497 715 1644 746 usum

140 785 420 850 imperfecti,
458 780 618 845 qualis
666 780 744 843 sit,
790 778 1199 843 investigandum
1250 776 1642 842 progrediamur.

278 862 319 908 1.
343 858 563 906 Primum
592 857 746 923 igitur
780 861 1096 909 indicativum
1119 859 1390 923 impeifecti
1424 853 1645 903 formulae

141 943 235 990 nisi
277 943 404 1006 quod
439 936 747 1001 frequentius
793 935 969 1000 subjici
1005 933 1267 983 observavi
1307 934 1459 996 (Ann.
1502 934 1642 994 1,16.

140 1050 205 1055 —
242 1017 318 1064 33.
357 1044 419 1049 -
460 1018 575 1078 3,1.
614 1044 676 1050 —
724 1016 767 1077 6,
795 1015 872 1061 24.
912 1043 976 1047 -
1023 1014 1099 1075 11,
1127 1014 1204 1060 24.
1244 1040 1309 1046 —
1354 1013 1535 1074 12,16.
1582 1039 1648 1045 -

143 1096 218 1157 14,
239 1095 318 1142 40.
346 1125 411 1131 —
449 1094 525 1156 16,
550 1095 591 1140 7.
614 1110 699 1152 —3
745 1091 874 1140 Hist.
913 1093 959 1154 4,
983 1093 1067 1151 393
1114 1090 1175 1138 de
1211 1089 1308 1138 iUis
1344 1087 1649 1138 enunciatio-

139 1172 287 1220 nibus
341 1171 437 1220 alio
488 1171 596 1220 1000
649 1169 940 1234 diligentius
977 1168 1378 1233 disputabimus).
1417 1196 1484 1202 —
1519 1166 1648 1214 Raro

140 1249 279 1298 aliter
313 1249 614 1298 indicativus
648 1248 702 1296 in
736 1247 921 1313 protasi
957 1245 1230 1294 invenitur:
1267 1245 1399 1293 Ann.
1439 1247 1484 1307 2,
1509 1246 1567 1291 71
1607 1243 1648 1292 si

141 1345 264 1392 quos
301 1344 415 1392 spes
446 1344 583 1390 meae,
629 1326 670 1375 si
708 1344 832 1391 quos
878 1324 1187 1390 propinquus
1224 1322 1445 1387 sanguis,
1501 1321 1648 1370 etiam

140 1423 264 1470 quos
299 1405 489 1453 invidia
524 1422 644 1469 erga
679 1405 934 1453 viventem
970 1407 1196 1465 movebat,
1240 1404 1647 1458 inlacrimabmzt;

141 1491 190 1532 et
223 1483 388 1548 paullo
423 1482 570 1531 infra:
615 1486 919 1535 vindicabitis
955 1499 1067 1544 vos,
1107 1480 1147 1529 si
1184 1498 1263 1528 me
1299 1478 1464 1544 potius
1502 1494 1648 1541 quam

139 1561 387 1610 fortunam
440 1578 599 1609 meam
646 1564 905 1628 fovebatis.
958 1588 1025 1595 —
1077 1557 1252 1622 Neque
1305 1556 1454 1605 talem
1503 1572 1649 1603 usum

141 1646 417 1704 temporum
455 1638 667 1703 (imperf.
695 1669 757 1673 —
793 1638 904 1698 fut.)
941 1637 1036 1686 alio
1071 1636 1179 1685 1000
1214 1635 1388 1700 reperi.
1425 1668 1489 1674 -
1524 1632 1651 1681 Cum

138 1722 368 1785 proesenti
418 1714 692 1769 »kz'st0ri00'22
747 1716 1064 1780 conjunctus:
1118 1716 1250 1762 Ann.
1294 1717 1369 1777 12,
1392 1715 1453 1760 33
1508 1720 1557 1760 et
1609 1711 1649 1759 si

145 1813 241 1860 qua
275 1795 544 1844 clementer
579 1794 747 1843 accedi
765 1807 1008 1862 poterant,
1045 1793 1098 1840 in
1134 1792 1337 1840 modum
1373 1790 1489 1839 valli
1518 1810 1652 1858 prce-

144 1875 347 1931 struiffl).
393 1872 478 1921 Cfi·
513 1872 643 1921 Hist.
685 1875 728 1935 3,
752 1875 828 1921 52.
867 1901 933 1907 —
969 1871 1029 1918 In
1064 1870 1143 1919 his
1181 1869 1455 1931 sententiis,
1501 1885 1650 1932 quum

144 1951 330 2016 aliquid
385 1950 565 2015 saepius
608 1951 873 2015 repetitum
909 1966 1020 1998 esse
1059 1948 1380 2013 significetur,
1419 1947 1652 2012 conjunc-

144 2029 276 2078 tivus
312 2046 339 2077 e
376 2029 736 2078 consuetudine
771 2028 928 2077 Taciti
973 2026 1208 2092 loquendi
1253 2024 1531 2090 exspectari
1566 2041 1652 2089 po-

145 2114 291 2155 terat:
329 2108 458 2155 Ann.
494 2109 569 2169 16,
593 2109 656 2154 34
693 2106 734 2155 si
772 2124 868 2171 qua
903 2105 1083 2154 clarius
1119 2103 1552 2169 proloquebantur,
1591 2102 1652 2155 de

146 2192 319 2234 natura
354 2184 635 2248 inquirebat
652 2214 717 2220 —
737 2184 867 2233 Hist.
898 2187 941 2247 5,
967 2186 1026 2232 15
1053 2183 1170 2247 vagi
1206 2182 1336 2230 inter
1368 2180 1530 2229 undas
1554 2187 1651 2241 aut,

148 2263 188 2312 si
225 2263 344 2327 quid
381 2261 555 2311 stabile
592 2262 893 2325 occurrebat,
937 2261 1054 2311 totis
1095 2261 1212 2309 ich
1255 2259 1543 2324 corporibus
1580 2257 1654 2305 ni-

146 2348 309 2389 tentes
346 2370 408 2375 —
450 2340 827 2405 inplicabantur.
908 2339 1056 2388 Nqu
1101 2338 1196 2387 alio
1238 2338 1345 2386 1000
1396 2335 1651 2384 indicativi

147 2418 337 2483 imperf.
376 2418 428 2465 in
463 2418 649 2482 protasi
685 2417 908 2482 usurpati
945 2417 1115 2465 inveni
1152 2415 1450 2480 exemplum.

283 2499 325 2544 2.
378 2496 460 2544 Ad
496 2496 703 2545 alterum
738 2513 901 2560 genus
955 2494 1327 2555 sententiarum,
1376 2493 1429 2539 in
1474 2491 1654 2556 quibus

264 2620 296 2668 ¹)
342 2622 410 2657 Per
454 2622 681 2657 occasionem
713 2621 825 2664 addo,
868 2620 951 2655 Tac.
983 2628 1160 2664 quantum
1191 2619 1416 2663 investigare
1447 2616 1569 2662 potui,
1616 2616 1653 2649 in

151 2678 343 2714 sententiis
373 2678 598 2713 secundariis
627 2676 944 2712 condicionalibus
972 2688 991 2710 e
1017 2678 1199 2725 praesenti
1237 2675 1414 2711 historico
1445 2671 1653 2718 dependen-

150 2735 265 2778 tibus,
304 2734 381 2768 sive
410 2734 567 2778 priorem
598 2734 675 2768 sive
706 2733 944 2778 posteriorem
973 2732 1093 2766 locuni
1125 2732 1311 2774 obtinent,
1348 2729 1534 2775 praeterita
1562 2732 1654 2762 tem-

151 2802 240 2836 pora
283 2790 472 2833 adhibere;
517 2790 574 2824 cfr
610 2791 708 2824 Ann.
743 2789 843 2831 1,19.
879 2808 933 2813 -—
970 2788 1067 2822 Hist.
1102 2788 1215 2829 1‚31.
1245 2807 1299 2812 —-
1330 2786 1541 2833 Infinitivus
1571 2784 1653 2819 hist.

150 2847 189 2881 in
218 2847 309 2881 locis
338 2847 436 2880 Ann.
470 2846 532 2888 13,
552 2846 615 2880 37.
647 2865 697 2869 —
729 2845 826 2879 Hist.
859 2845 894 2887 2,
913 2845 948 2880 5.
978 2864 1032 2870 —-
1066 2844 1128 2878 19.
1158 2863 1210 2869 —
1243 2844 1279 2885 4,
1302 2845 1405 2876 1.—-—
1434 2841 1472 2875 in
1504 2839 1653 2886 apodosi

152 2914 282 2937 enunc.
311 2902 418 2936 cond.
448 2902 590 2947 positus
620 2907 685 2936 est.
