1944 3282
1575 245 1637 290 25

338 366 426 414 llla
469 365 621 414 verba
656 364 708 411 in
751 366 1042 429 conjunctivo
1086 380 1461 427 nonnumquam
1515 382 1711 428 ponun-

201 453 294 506 tur,
334 462 486 509 quum
521 443 685 507 ipsum
723 444 950 507 efficium,
996 444 1288 508 possibilitas
1341 448 1430 489 cet.
1460 459 1560 490 non
1596 459 1709 490 esse

204 522 609 586 significantur1).
649 549 711 553 ——
751 517 913 566 Semel
957 518 1165 566 verbum
1208 536 1354 583 posse
1399 518 1452 566 in
1487 524 1707 586 conjunc-

203 605 295 652 tivo
330 600 546 664 positum
583 605 679 645 est:
719 596 847 644 Hist.
878 599 921 658 3,
943 599 1007 644 40
1043 603 1092 644 et
1129 596 1168 644 si
1208 603 1436 661 coeptum
1472 597 1565 645 iter
1596 615 1711 662 pro-

202 684 437 742 perasset,
469 681 726 724 nutantem
755 673 1004 722 Caecinam
1039 674 1313 739 praevenire
1350 682 1433 722 aut
1469 682 1582 723 ante
1608 675 1702 723 dis-

203 755 390 803 crimen
425 771 608 819 pugnae
645 752 851 816 adsequi
887 752 1112 816 legiones
1146 758 1376 819 potuisset
1428 752 1530 815 (Sic
1584 770 1709 817 prae-

202 833 345 897 cipue
381 833 432 879 in
470 830 730 880 sententiis
767 830 1015 894 negativis
1041 829 1116 878 ve]
1146 830 1529 893 interrogativis.
1576 830 1706 878 Hist.

205 909 397 975 Syntax
433 927 545 975 pag.
585 909 716 973 273).
756 942 820 948 —
858 907 917 955 In
953 912 1096 972 Infiw.
1135 907 1360 972 perfecti:
1408 908 1537 956 Hist.
1577 911 1708 970 2,Ξὸ

203 987 353 1036 deleri
391 1017 457 1023 --
484 991 717 1055 potuisse,
774 986 824 1033 ni
881 985 1146 1034 Suetonius
1199 985 1436 1034 Paulinus
1490 985 1708 1050 receptui

203 1065 476 1113 cecinisset.
506 1095 562 1100 ω-
584 1064 732 1112 Nullo
769 1063 875 1112 loco
912 1064 1119 1112 verbum
1145 1081 1291 1128 posse
1328 1071 1496 1112 nostro
1533 1068 1709 1130 imper-

200 1147 314 1204 fecto
350 1142 631 1208 respondet.
669 1176 735 1181 --

336 1225 488 1273 Eram
526 1239 638 1269 cum
673 1218 917 1284 adjectivo
954 1219 1274 1283 conjunctum
1309 1219 1398 1280 ita,
1444 1226 1498 1266 ut
1540 1226 1712 1267 nostro

203 1304 494 1367 conjunctivo
531 1301 798 1366 imperfecti
833 1297 1153 1362 respondeat:
1208 1297 1339 1345 Ann.
1383 1299 1424 1359 1,
1446 1299 1507 1344 42
1548 1296 1587 1344 si
1620 1297 1713 1344 Hi-

203 1378 389 1443 spaniae
444 1377 662 1426 Suriaeve
716 1374 859 1423 miles
914 1381 1279 1439 aspernaretur,
1326 1381 1493 1423 tamen
1530 1375 1709 1422 mirum

202 1464 251 1504 et
285 1455 551 1519 indignum
589 1467 690 1506 erat
714 1483 779 1488 -—
807 1455 882 1515 15,
907 1455 933 1500 6
972 1453 1049 1501 cui
1088 1452 1208 1501 satis
1245 1452 1309 1500 ad
1345 1452 1553 1516 gloriam
1590 1460 1709 1515 erat,

203 1533 242 1581 si
280 1533 536 1598 proximus
572 1531 837 1580 haberetur
875 1530 1006 1595 (vide
1042 1537 1209 1579 tamen
1248 1548 1395 1596 supra
1432 1531 1620 1579 condic.
1648 1531 1710 1588 I).

199 1645 267 1651 -
302 1611 432 1659 Hist.
481 1613 608 1672 1,15
664 1610 704 1657 si
748 1616 795 1657 te
849 1609 1071 1674 privatus
1125 1608 1432 1674 adoptarem,
1488 1616 1536 1657 et
1589 1608 1709 1656 mihi

202 1689 462 1754 egregium
517 1700 618 1740 erat
654 1717 715 1722 —
754 1694 803 1735 et
837 1687 927 1735 tibi
962 1687 1162 1752 insigne
1198 1716 1264 1722 —
1303 1689 1362 1734 16
1411 1687 1451 1735 si
1502 1687 1713 1734 immen—

202 1785 312 1815 sum
348 1766 541 1831 imperii
578 1783 756 1830 corpus
794 1772 923 1813 stare
960 1783 1015 1813 ac
1051 1764 1218 1814 librari
1252 1764 1358 1813 sine
1384 1772 1571 1812 rectore
1596 1782 1713 1829 pos-

204 1852 291 1907 set,
330 1849 505 1912 diynus
541 1845 732 1908 eram2’).
761 1877 824 1883 -—-
860 1847 1066 1895 Debere.-
1100 1843 1230 1892 Hist.
1272 1846 1315 1905 5,
1337 1845 1414 1890 26.
1489 1842 1540 1891 Si
1577 1843 1710 1907 apud

204 1922 458 1971 Vitellium
505 1922 725 1986 legatum
764 1921 1077 1984 defenderer,
1116 1939 1277 1986 neque
1314 1921 1442 1969 facto
1479 1939 1590 1969 meo
1626 1938 1710 1968 ve-

202 2000 285 2048 nia
320 2018 482 2065 neque
520 2000 665 2048 dictis
701 2000 826 2048 fides
880 2004 1149 2052 debebatur.
1238 1998 1298 2046 In
1351 1998 1550 2063 obliqua
1604 2017 1713 2047 ora-

203 2077 357 2126 tione:
395 2081 440 2141 4,
466 2081 528 2126 85
566 2078 607 2126 si
645 2085 803 2126 status
839 2077 1032 2142 imperii
1069 2084 1154 2126 aut
1190 2076 1323 2125 salus
1349 2075 1622 2125 Galliarum
1658 2077 1711 2124 in

203 2155 487 2204 discrimine
524 2162 810 2218 verteretur,
849 2155 1096 2204 debuisse.
1138 2185 1199 2189 ——
1235 2154 1322 2202 Cfr
1357 2155 1488 2202 Ann.
1531 2156 1606 2217 11,
1630 2157 1707 2202 36.

337 2398 395 2446 In
448 2399 632 2464 protasi
691 2404 1010 2451 indicativum
1053 2402 1535 2468 plusquamperfeeti,
1595 2416 1708 2446 cum

204 2481 477 2546 imperfecto
514 2481 655 2528 indic.
694 2476 709 2523 i
746 2477 950 2541 apodosi
988 2477 1329 2540 conjunctum,
1385 2494 1536 2539 quum
1581 2476 1708 2524 actio

204 2554 506 2602 secundariae
560 2554 818 2602 sententiae
871 2562 984 2603 ante
1020 2553 1264 2602 actionem
1300 2553 1545 2618 primariae
1582 2553 1709 2602 facta

203 2639 252 2679 et
310 2632 491 2696 saepius
549 2631 757 2696 repetita
816 2631 1145 2696 significanda
1190 2631 1268 2694 sit,
1322 2637 1607 2679 constanter
1659 2639 1710 2679 et

204 2727 334 2774 saepe
371 2709 574 2758 adhibet
609 2709 747 2770 Tac.;
802 2709 942 2774 cujus
997 2709 1198 2774 quidem
1251 2726 1373 2757 usus
1407 2709 1514 2773 jam
1559 2727 1708 2774 supra

316 2843 348 2894 l)
371 2849 525 2883 Lattm.-
537 2848 669 2883 Mfiller
700 2847 720 2892 ξ
756 2849 832 2883 180
864 2860 949 2883 ann.
973 2849 1009 2883 2.
1057 2848 1296 2883 Commodius
1321 2859 1472 2895 possem
1503 2848 1548 2882 de
1579 2848 1708 2892 singu-

201 2904 246 2939 lis
277 2904 323 2939 ad
352 2908 390 2939 te
419 2904 529 2939 rebus
567 2905 739 2949 seribere,
771 2905 803 2938 si
834 2904 882 2938 M.
913 2904 1069 2949 Tullius,
1109 2904 1230 2938 scriba
1266 2915 1383 2948 meus,
1423 2904 1582 2948 adesset,
1613 2904 1707 2938 fam.

203 2959 239 3004 5,
259 2960 310 2995 20
343 2959 448 3003 (int.:
482 2971 553 2995 non
578 2959 768 3008 possum.)
800 2978 853 2984 —
884 2955 919 3004 2)
953 2959 1020 2994 Cfr
1049 2961 1214 3005 Draeger.
1246 2960 1316 2995 Stil
1347 2960 1382 2994 d.
1406 2959 1508 3005 Tac.,
1530 2971 1616 3005 pag.
1641 2960 1707 2995 73.
