1944 3282
336 240 394 286 12

265 367 431 409 tamen
472 358 741 425 pulchrius,
780 360 821 408 si
857 361 926 409 ita
960 377 1039 409 res
1075 360 1328 410 familiaris
1365 367 1521 428 eaez'yat
1549 383 1634 424 -3
1678 364 1765 412 ad-

257 438 356 502 jice
394 437 525 501 quod
560 436 741 501 poetis,
787 437 829 485 si
865 438 1012 487 modo
1050 439 1260 503 dignum
1295 438 1482 503 aliquid
1517 440 1765 490 elaborare

265 522 314 563 et
349 514 542 562 efficere
577 519 734 578 velint,
774 515 1098 580 relinquenda
1132 523 1210 565 est
1239 545 1306 551 —
1333 518 1393 564 18
1431 517 1473 565 si
1509 534 1587 565 me
1622 522 1766 570 inter-

266 613 399 658 ⁷²0,qu
425 591 594 655 (etiam
616 621 678 628 —
698 593 789 656 as)⁷
817 610 990 642 omnes
1015 593 1136 641 mihi
1157 593 1391 642 videntur
1408 627 1474 633 —
1494 596 1554 642 39
1582 602 1659 644 est
1681 595 1767 644 ali·

265 668 375 732 quis
429 675 675 718 oratorum
730 688 949 736 campus⁷
987 688 1076 736 per
1112 688 1260 736 quem
1295 670 1393 719 nisi
1428 670 1568 720 liberi
1606 680 1656 721 et
1691 691 1766 722 so-

264 746 351 794 luti
376 750 625 814 ferantur,
665 747 951 798 debilitatur
987 767 1043 798 ac
1078 748 1323 813 frangitur
1358 748 1650 813 eloquentia.

396 823 500 872 Illis
550 825 786 874 nonnulla
838 827 1084 876 addantur
1136 826 1376 891 exempla,
1414 827 1500 875 ubi
1535 828 1765 892 apodosis

264 907 452 948 certum
493 902 813 966 praedicatum
850 922 951 953 non
985 904 1137 953 habet
1170 911 1256 953 aut
1289 904 1431 952 aliter
1465 912 1542 953 est
1576 906 1766 955 confor-

264 985 395 1027 mata
430 986 515 1027 aut
550 980 848 1044 cogitatione
883 982 1122 1047 fingenda
1157 989 1234 1031 est
1269 981 1376 1044 (Gfr
1408 982 1763 1045 Ann.11‚?.4):

261 1056 382 1120 Agr.
422 1058 487 1104 44
524 1058 655 1121 quod
692 1058 733 1106 si
770 1059 996 1108 habitum
1032 1077 1228 1125 quoque
1264 1060 1371 1109 eius
1415 1060 1599 1125 posteri
1652 1079 1765 1109 nos-

261 1150 371 1181 cere
407 1139 570 1198 velint,
609 1135 863 1185 decentior
899 1155 1048 1202 quam
1085 1137 1342 1186 sublimior
1376 1137 1468 1185 fuit
1503 1168 1565 1172 —
1603 1137 1662 1190 D,
1705 1141 1762 1186 12

261 1228 316 1259 ac
354 1211 395 1259 si
431 1211 753 1276 introspicere
789 1214 935 1263 altius
971 1220 1099 1279 velis,
1143 1215 1309 1280 ipsum
1351 1215 1633 1280 Apollinem
1686 1234 1765 1264 ac-

262 1289 484 1353 cepimus
539 1289 940 1355 (intelligendum
992 1298 1070 1340 est
1120 1292 1172 1339 in
1224 1292 1342 1341 illis:
1404 1297 1563 1345 dicam
1606 1294 1762 1356 vobis,

260 1370 424 1418 sciatis
460 1366 541 1414 Vel
575 1367 673 1416 tale
710 1369 846 1434 quid)
884 1398 950 1405 —
985 1372 1050 1418 20
1087 1369 1207 1434 quid
1243 1370 1390 1433 enim⁷
1429 1370 1470 1419 Si
1508 1377 1676 1423 credas
1700 1406 1763 1412 -—

262 1443 321 1491 Gr.
360 1447 388 1491 2
429 1443 550 1503 Quis
587 1475 652 1481 —
688 1445 1007 1496 Germaniam
1049 1454 1252 1512 peteret,
1290 1447 1548 1497 informem
1587 1485 1653 1491 —
1687 1467 1764 1498 as-

259 1538 442 1585 peram,
498 1522 704 1586 tristem,
759 1524 855 1573 nisi
912 1524 954 1573 si
1005 1524 1164 1590 patria
1198 1530 1261 1577 sit
1297 1526 1529 1590 (protasis
1566 1545 1666 1576 non
1701 1528 1764 1576 ad

261 1604 364 1667 quic
393 1613 588 1667 peteret,
628 1601 717 1649 sed
752 1602 815 1650 ad
851 1602 1096 1667 adjectiva
1130 1607 1386 1671 informem
1422 1613 1513 1654 cet.
1541 1605 1761 1668 refertur,

260 1676 392 1725 unde
447 1678 701 1742 suppleas:
757 1697 867 1743 quae
920 1680 1042 1728 nulli
1094 1680 1288 1745 placere
1340 1690 1516 1747 potest.
1563 1714 1626 1718 —
1679 1683 1764 1732 Cfr

260 1754 389 1803 Ann.
433 1757 508 1817 13,
538 1758 614 1804 31.
654 1790 720 1796 —-
757 1757 886 1806 Hist.
929 1760 1038 1821 1,1.
1079 1788 1144 1794 -

394 1832 475 1881 Ad
534 1833 783 1897 quandam
843 1835 1223 1884 similitudinem
1278 1837 1560 1901 potentialis
1630 1839 1762 1887 modi

258 1913 472 1972 futurum
509 1917 614 1959 tum
650 1913 854 1976 accedit⁷
887 1931 1040 1978 quum
1074 1913 1126 1961 in
1157 1914 1361 1978 apodosi
1397 1915 1613 1980 positum
1650 1933 1761 1964 cum

261 1993 552 2056 conjunctivo
581 1996 840 2057 praesentis
876 1991 928 2039 in
964 1991 1149 2056 protasi
1187 1992 1519 2057 conjungitur.
1573 1993 1762 2042 Tamen

259 2065 530 2113 tenendum
588 2074 677 2130 est⁷
732 2067 861 2117 inter
913 2069 1096 2118 formas
1131 2068 1239 2117 illas
1276 2069 1580 2119 intercedere
1617 2071 1762 2119 dissi·

259 2142 588 2192 militudinem
625 2144 706 2208 ita,
744 2153 800 2193 ut
834 2164 922 2211 per
957 2147 1176 2194 futurum
1212 2146 1398 2211 aliquid
1433 2148 1616 2213 majore
1643 2166 1761 2213 qua-

260 2219 373 2268 dam
426 2221 475 2268 vi
524 2221 848 2288 affirmetur1).
921 2225 1052 2273 Ann.
1095 2227 1138 2288 3,
1162 2226 1224 2273 54
1261 2232 1337 2273 set
1372 2225 1412 2274 si
1451 2226 1561 2290 quis
1598 2226 1760 2291 legem

258 2303 459 2362 sanciat,
515 2317 701 2364 poenas
737 2306 934 2366 indicat,
973 2302 1106 2350 idem
1142 2302 1211 2350 illi
1248 2336 1312 2342 —
1349 2308 1662 2356 clamitabunt
1696 2337 1761 2343 —

261 2378 336 2438 15,
358 2378 418 2423 21
460 2394 570 2440 quac
607 2378 647 2426 si
685 2393 957 2440 arceantw,
1000 2379 1290 2445 aequabilius
1333 2388 1478 2445 atque
1531 2390 1760 2431 constan-

256 2453 354 2501 tius
390 2454 658 2518 provinciae
694 2470 926 2523 regyentur.
962 2487 1028 2493 —
1063 2458 1193 2506 Hist.
1236 2460 1277 2513 1,
1301 2460 1364 2506 84
1400 2458 1442 2507 si
1479 2459 1677 2511 Vitellio
1713 2469 1762 2508 et

259 2531 551 2580 satellitibus
588 2532 694 2581 eius
731 2533 949 2598 eligendi
985 2535 1192 2584 facultas
1229 2542 1387 2598 detur,
1433 2554 1579 2601 quem
1616 2538 1760 2586 nobis

258 2609 491 2672 animum,
547 2628 670 2675 quas
724 2620 916 2661 mentes
968 2618 1299 2681 imprecemur,
1355 2614 1474 2678 quid
1527 2615 1660 2663 aliud
1696 2649 1760 2656 --—

259 2691 518 2753 optabunt?
552 2717 619 2723 —
653 2688 711 2737 D.
752 2692 813 2737 27
852 2708 943 2739 nec
971 2690 1077 2755 jam
1113 2709 1203 2740 vos
1241 2692 1422 2740 offendi
1477 2697 1671 2756 decebit,
1718 2694 1758 2741 si

371 2874 402 2922 l)
436 2878 727 2913 Lattm.-Miiller
772 2879 791 2924 ξ
842 2880 982 2922 101.3,
1020 2892 1104 2915 ann.
1147 2883 1177 2915 1.
1210 2901 1261 2906 —
1293 2882 1356 2917 Cfr
1396 2883 1582 2929 exempla,
1621 2884 1681 2918 ubi
1720 2886 1756 2918 in

256 2931 405 2976 apodosi
436 2933 616 2976 futurum,
647 2945 808 2978 praesens
838 2935 954 2972 indic.
987 2936 1023 2970 in
1057 2936 1192 2981 protasi
1225 2942 1279 2972 est
1316 2938 1486 2982 positum.
