1944 3282
1525 267 1586 312 29

155 387 332 452 quodsi
380 385 593 434 maxime
638 385 941 434 continentia
977 393 1061 433 tua
1097 389 1339 444 laudetur,
1377 402 1477 432 non
1514 384 1658 432 deco-

155 483 264 513 rum
305 469 460 533 faerit
512 494 571 498 —
612 463 852 528 recipere)
897 492 946 497 -—
999 465 1074 525 16,
1097 465 1158 509 22
1197 481 1282 522 -;
1334 462 1463 510 Η181.
1512 465 1554 524 3,
1577 465 1654 511 20.

155 573 220 579 —-
239 545 283 605 4,
305 545 382 591 48.
404 571 470 578 —
490 544 566 590 58.
588 559 672 601 —3
707 540 767 589 G.
804 543 881 588 23.
903 560 988 601 ——3
1017 540 1075 588 D.
1105 543 1148 588 9.
1171 569 1237 576 —
1255 542 1333 587 28.
1355 573 1421 578 —
1439 543 1660 591 Proesens

154 622 207 669 in
243 620 468 686 apodosi:
506 619 564 666 D.
607 621 667 666 18
705 636 853 683 agere
890 619 1023 666 enim
1058 618 1231 666 fortius
1259 618 1365 682 jam
1396 625 1445 665 et
1475 618 1660 666 auden-

154 700 253 748 tius
296 703 416 760 volo,
462 698 503 746 si
545 696 667 745 illud
704 706 817 744 ante
847 701 1119 763 preclioeero.
1159 726 1222 730 —
1258 695 1333 743 De
1369 695 1490 743 locis
1526 696 1656 742 Anu.

157 780 200 840 3,
221 779 297 826 54.
318 811 384 816 --
406 778 481 838 13,
501 777 562 823 21
598 775 713 823 vide
747 793 907 840 supra.
930 804 995 810 --
1014 774 1089 822 De
1114 778 1434 840 praesentibus
1459 792 1546 838 pro
1571 773 1656 820 fut.

155 856 206 903 in
244 853 549 903 secundariis
577 860 699 901 sent.
731 853 905 918 positis
932 870 1080 917 supra
1104 858 1180 900 est
1205 850 1405 899 dictum.
1433 881 1489 885 ——
1513 850 1660 898 Nullo

154 933 261 981 loco
297 939 485 980 certum
509 936 674 999 futuri
709 935 736 982 I
773 931 1056 995 exemplum
1092 929 1142 976 in
1179 928 1359 993 protasi
1384 927 1575 987 inveni3
1599 958 1657 962 *-

156 1016 243 1062 erit
279 1009 517 1059 omissum
553 1017 649 1058 est:
688 1010 818 1057 Ann.
859 1013 903 1071 2,
928 1011 990 1056 38
1025 1007 1312 1056 intendetur
1346 1007 1583 1068 socordia,
1620 1007 1657 1054 si

155 1088 319 1136 nullus
356 1105 418 1136 ex
453 1105 504 1136 se
531 1095 694 1135 metus
720 1094 804 1135 aut
830 1104 944 1151 spes
966 1117 1041 1134 —.
1066 1085 1124 1133 D.
1154 1087 1231 1132 27.
1260 1087 1500 1136 Belclcerus
1525 1085 1659 1148 (vide

155 1165 345 1227 Orelli.)
382 1172 432 1214 et
469 1169 638 1217 Weise:
675 1163 1081 1226 nec—decebit,
1121 1163 1161 1211 si
1200 1162 1319 1227 quid
1356 1162 1479 1210 forte
1517 1180 1659 1210 aures

155 1251 346 1292 vestras
400 1243 699 1308 perstringet
742 1242 1042 1306 (Alii—at:
1084 1240 1294 1291 etiam-it
1339 1240 1480 1288 codd.
1524 1240 1661 1287 exhi-

153 1322 309 1385 bent).
332 1322 546 1369 —Ann
598 1323 639 1383 1,
666 1323 725 1368 74
764 1320 803 1368 si
842 1320 1044 1385 primus,
1080 1319 1296 1379 habebo;
1335 1318 1375 1366 si
1413 1325 1526 1382 post
1559 1336 1662 1365 om-

155 1418 245 1449 nes
262 1419 349 1461 —3
388 1417 450 1448 ex
475 1399 799 1447 antecedente
825 1398 981 1446 forma
1006 1401 1209 1449 censebis
1234 1396 1431 1444 auditur
1455 1401 1658 1448 censebo.

162 1509 217 1513 —
240 1477 415 1542 Neque
452 1477 549 1525 duo
575 1482 756 1545 futura
793 1479 853 1526 II
888 1476 1150 1540 conjuncta
1185 1474 1460 1523 observavi.
1485 1504 1546 1507 —

289 1644 453 1703 Quum
490 1644 552 1693 ad
587 1645 737 1692 finem
773 1643 1011 1708 perducta
1048 1643 1160 1705 sint,
1190 1660 1301 1707 quae
1329 1642 1390 1690 de
1416 1640 1663 1689 condicio-

156 1723 351 1772 nalibus
404 1722 679 1771 enunciatis
732 1722 783 1769 in
836 1721 1034 1785 obliqua
1087 1721 1306 1770 oratione
1350 1739 1449 1768 non
1487 1719 1661 1784 positis

157 1802 405 1866 disputata
458 1800 762 1861 volebamus,
817 1799 1097 1864 proximum
1151 1806 1241 1861 est,
1287 1805 1343 1846 ut
1384 1816 1480 1862 quo
1517 1797 1662 1845 modo

157 1897 209 1928 se
252 1897 324 1928 eae
365 1879 594 1938 habeant,
633 1896 784 1942 quum
822 1877 1034 1942 obliquae
1070 1877 1275 1926 orationi
1312 1876 1512 1924 insertae
1549 1875 1660 1935 sint,

157 1958 540 2006 consideremus.
563 1992 626 1997 --
648 1955 868 2004 Primum
903 1955 1057 2020 igitur
1092 1955 1220 2002 inter
1251 1971 1423 2003 omnes
1449 1953 1662 2001 maxime

158 2035 489 2084 memorabilis
542 2034 620 2082 hic
674 2034 811 2082 locus
865 2041 954 2095 est,
1009 2033 1095 2081 ubi
1148 2032 1370 2081 formulae
1413 2036 1509 2083 nisi
1532 2036 1665 2097 forte

159 2113 415 2178 subjicitur
458 2112 757 2172 infinitivus,
798 2111 849 2159 id
893 2111 1025 2175 quod
1062 2111 1194 2176 apud
1231 2110 1380 2158 alium
1418 2110 1663 2157 Romano-

158 2209 266 2239 rum
304 2191 591 2255 scriptorem
627 2208 728 2238 non
764 2189 975 2237 inveniri
1013 2196 1294 2237 commonet
1318 2182 1525 2252 Draeger
1550 2187 1663 2250 (Stil

159 2269 210 2316 d.
250 2268 363 2316 Tac.
415 2268 442 2333 ξ
491 2270 606 2331 147)
633 2272 700 2330 ¹):
739 2268 869 2315 Ann.
909 2270 954 2330 2,
978 2269 1039 2313 33
1078 2267 1339 2315 distinctos
1377 2272 1578 2314 senatus
1616 2274 1666 2313 et

159 2346 381 2411 equitum
407 2363 601 2407 census,
628 2363 728 2393 non
768 2345 882 2410 quia
919 2345 1102 2393 diversi
1139 2351 1327 2406 natura,
1368 2344 1455 2392 sed
1492 2351 1560 2406 ut,
1600 2343 1664 2391 si-

159 2430 243 2471 cut
295 2423 416 2471 locis
466 2423 723 2471 ordinibus
760 2423 1173 2487 dignitationibus
1211 2422 1462 2483 antistent,
1501 2422 1568 2469 ita
1603 2421 1663 2468 iis

160 2520 270 2565 quae
324 2501 387 2550 ad
439 2501 661 2565 requiem
704 2501 853 2548 animi
900 2508 984 2548 aut
1029 2500 1367 2548 salubritatem
1404 2516 1661 2562 corporum

160 2586 407 2643 parentur,
462 2583 558 2630 nisi
598 2583 732 2645 forte
774 2578 1046 2626 clarissimo
1089 2577 1265 2641 cuique
1302 2576 1468 2641 plures
1504 2593 1661 2636 curas,

161 2658 344 2722 majora
385 2655 601 2721 pericula
647 2656 918 2718 subeunda,
964 2653 1310 2703 delenimentis
1354 2671 1580 2701 curarum
1618 2660 1666 2700 et

160 2734 489 2799 periculorum
525 2738 789 2786 carendum
826 2755 937 2785 esse.
974 2762 1040 2769 --

274 2857 306 2906 l)
338 2860 599 2896 ’'Graecismus”
628 2864 701 2904 est;
732 2860 788 2894 cfr
820 2859 1001 2896 Herodot.
1035 2858 1180 2902 3,105.
1203 2877 1257 2882 —-
1279 2857 1445 2906 lezccyd.
1479 2858 1514 2900 4,
1534 2857 1595 2891 98.
1613 2876 1664 2880 —

161 2916 272 2951 Vide:
317 2916 539 2951 Ferdinandi
584 2916 732 2952 Handz'z'
768 2915 981 2950 Turselinus
1018 2926 1082 2949 seu
1119 2914 1163 2949 de
1193 2913 1384 2959 particulis
1412 2912 1537 2947 latinis
1566 2924 1664 2946 com-

159 2972 343 3006 mentarii.
375 2973 409 3015 2,
440 2983 524 3017 pag.
556 2972 769 3015 738.—4‚
800 2983 885 3017 pag.
916 2971 1006 3006 225.
