1944 3282
1547 198 1606 244 15

163 361 229 368 --
267 329 325 374 19
365 324 541 374 silente
576 339 675 385 reo,
713 320 794 370 vel
829 321 870 370 si
908 319 1249 370 defensionem
1286 331 1538 387 coeptaret,
1576 334 1677 365 non

164 404 441 454 occultante
495 399 584 467 (cfr
636 398 698 448 de
751 399 844 448 hoc
896 398 1005 448 loco
1060 397 1405 448 BOETTICHER:
1456 394 1677 444 Lexicon

165 481 420 531 Taciteum
444 497 558 544 pag.
589 479 707 538 1143
745 476 1046 542 peculiarem
1081 492 1193 523 esse
1217 474 1321 522 vim
1356 474 1409 522 in
1439 472 1678 539 particula

165 565 208 613 si
244 559 384 623 dicit)
419 586 486 593 —
523 558 584 604 32
622 562 708 604 aut
743 555 785 604 si
822 554 1022 620 quando
1046 565 1480 621 —prceverterent,
1501 571 1680 602 —me-

166 642 421 690 onerabant
455 664 520 669 —-
556 635 620 682 46
658 639 744 682 aut
780 632 822 681 si
858 637 1096 684 mitterent
1131 629 1336 692 auxilia,
1372 663 1439 668 —
1474 628 1681 693 bellige-

167 731 275 763 rare
311 712 551 778 (auditurx
604 710 735 760 soliti
772 710 906 775 sunt)
942 742 1009 749 —
1045 710 1108 757 60
1145 725 1234 756 seu
1270 712 1554 776 loqueretur,
1593 723 1681 755 seu

169 805 341 845 taceret
363 792 477 853 -5,
501 792 560 838 11
593 788 691 837 nisi
716 794 1039 850 lacesseretur,
1077 785 1336 835 modestiae
1370 784 1593 833 retinens
1617 817 1683 824 —

171 873 215 933 6,
240 873 264 918 1
305 870 346 919 Si
382 873 652 930 retinerent,
677 896 744 903 —
769 871 1043 919 exercebant
1077 898 1144 905 —-
1181 866 1245 913 30
1282 863 1324 912 si
1360 862 1567 912 facultas
1611 867 1683 914 in-

170 954 359 1011 cideret,
396 946 571 1012 poenis
607 949 954 1015 adjiciebantur
979 974 1042 979 —
1071 945 1147 1006 11,
1166 945 1228 990 22
1257 941 1298 990 si
1324 941 1469 990 bonis
1495 940 1683 989 artibus

170 1033 387 1090 fiderent,
424 1025 615 1074 licitum
650 1059 716 1065 -
754 1025 831 1087 12,
854 1025 915 1071 32
962 1022 1043 1071 vel
1080 1021 1122 1070 si
1159 1033 1467 1088 temptarent,
1511 1019 1684 1085 punito

173 1104 287 1154 dolo
322 1133 388 1140 —
419 1105 480 1152 35
508 1102 550 1151 si
575 1106 859 1164 resisterent,
898 1100 941 1149 si
974 1129 1042 1136 —
1076 1099 1173 1147 huc
1208 1111 1453 1162 verterent,
1480 1130 1545 1137 —-—
1569 1111 1686 1149 ster-

172 1188 406 1234 nebantur
430 1209 496 1216 —
523 1182 600 1243 13,
621 1181 684 1228 25
722 1179 764 1228 si
800 1208 866 1215 —
902 1191 1135 1245 ageretur,
1175 1193 1312 1225 arma
1334 1179 1688 1244 —inferebam

173 1259 389 1324 (variant
422 1259 686 1323 editiones)
719 1292 784 1298 —
811 1260 871 1305 37
911 1257 953 1305 si
989 1255 1144 1321 copiae
1180 1261 1351 1303 contra
1388 1260 1685 1317 ducerentur,

173 1339 373 1388 eludere
421 1339 664 1403 (praesens
708 1336 1000 1385 historicum
1015 1334 1049 1399 ¹)
1086 1364 1153 1371 —
1188 1335 1251 1382 46
1290 1333 1332 1381 si
1368 1332 1496 1380 ultra
1537 1350 1687 1380 unam

173 1417 477 1481 alteramque
519 1422 716 1464 noctem
753 1419 1048 1477 attineretur,
1087 1418 1294 1477 nuptam
1330 1428 1442 1460 esse
1490 1428 1543 1459 se
1589 1415 1689 1462 clic-

176 1500 322 1547 titans
350 1524 409 1530 —
451 1496 528 1557 15,
548 1495 612 1542 45
650 1493 769 1542 dum
804 1510 893 1558 per
929 1491 1206 1557 simplicem
1233 1490 1422 1538 victum
1447 1496 1496 1537 et
1520 1506 1689 1553 agres-

174 1573 309 1622 tibus
354 1572 530 1638 pomis,
574 1589 630 1620 ac
667 1571 709 1620 si
752 1571 861 1619 sitis
898 1576 1190 1633 admoneret,
1246 1568 1520 1634 profluente
1563 1584 1687 1632 aqua

177 1651 331 1700 vitam
365 1650 554 1699 tolerat.
595 1680 657 1684 -—

311 1728 462 1777 Pauci
497 1727 591 1776 loci
626 1727 680 1775 in
716 1726 952 1775 Historiis
988 1733 1039 1775 et
1074 1725 1272 1791 scriptis
1308 1723 1582 1773 minoribus
1617 1723 1692 1770 in-

179 1806 468 1855 veniuntur:
507 1805 637 1854 Hist.
680 1807 722 1868 1,
740 1807 801 1853 49
843 1805 945 1870 (ubi
981 1804 1034 1852 in
1078 1804 1237 1853 bonos
1271 1802 1546 1861 incidisset,
1585 1801 1691 1849 sine

180 1884 564 1950 reprehensione
599 1884 832 1950 patiens,)
867 1883 908 1932 si
936 1883 1050 1932 mali
1076 1887 1261 1951 forent,
1297 1899 1456 1946 usque
1493 1880 1557 1929 ad
1593 1879 1694 1928 cul-

181 1981 295 2028 pam
336 1963 544 2028 ignarus
585 1992 650 1998 —
686 1965 732 2026 2,
755 1964 782 2010 5
821 1961 863 2010 si
900 1978 979 2010 res
1013 1974 1241 2028 posceret,
1280 1977 1431 2008 manu
1466 1957 1694 2007 hostibus

184 2045 330 2093 obniti
373 2042 536 2106 (praes.
574 2040 887 2102 historicum)
925 2069 990 2075 —
1024 2041 1119 2101 4,1
1173 2038 1251 2089 vel
1296 2038 1338 2086 si
1383 2042 1692 2099 resisteretur,

182 2136 333 2170 causa
384 2119 536 2167 caedis
571 2147 637 2155 —-
672 2118 731 2166 D.
774 2120 831 2166 19
871 2124 1019 2182 atque
1055 2117 1107 2165 id
1142 2117 1305 2181 ipsum
1353 2120 1607 2177 laudabat,
1655 2114 1693 2162 si

183 2196 395 2245 dicendo
454 2196 565 2261 quis
617 2196 751 2245 diem
788 2200 1030 2257 evinceret,-
1067 2195 1199 2260 quod
1237 2194 1278 2243 si
1315 2193 1427 2258 quis
1463 2192 1696 2241 odoratus

183 2274 546 2339 philosophiam
589 2279 828 2327 videretur
864 2281 914 2322 et
949 2292 1012 2323 ex
1047 2291 1105 2322 ea
1140 2273 1302 2321 locum
1340 2271 1554 2336 aliquem
1592 2288 1696 2318 ora-

185 2352 307 2400 tioni
344 2370 446 2401 suae
480 2357 720 2416 insereret,
758 2352 811 2400 in
847 2352 1040 2403 caelum
1076 2350 1307 2400 laudibus
1332 2354 1600 2417 ferebatur.

187 2524 244 2557 nis
287 2534 398 2558 causa
442 2522 691 2568 subjungitur,
736 2521 813 2567 (cfr
857 2521 1082 2556 HOFFMANN:
1119 2521 1194 2558 Die
1226 2520 1489 2556 Constructz'on
1522 2521 1590 2556 cler
1621 2520 1698 2556 La-

189 2579 389 2615 teinisclzen
419 2579 714 2627 Zeitpartikeln,
761 2577 869 2612 W⁷icn
913 2578 1030 2620 1873,
1068 2588 1153 2622 pag.
1185 2577 1234 2611 54
1268 2576 1385 2620 sequ.)
1418 2577 1698 2623 2'nzpe7y'ectzmz:

189 2637 287 2670 Anu.
326 2635 443 2677 3‚21.
479 2654 532 2659 —
570 2634 668 2669 Hist.
710 2634 823 2676 1,79.
857 2654 905 2657 —-
940 2633 1065 2676 2,88;
1109 2633 1417 2680 plusquamperf.
1456 2631 1552 2665 Hist.
1587 2631 1700 2673 1‚49.

190 2710 243 2716 --
288 2691 323 2733 2,
342 2690 413 2731 633
459 2694 538 2724 tum
582 2686 924 2728 indicativus
970 2688 1195 2733 (Hoffmann
1234 2699 1317 2732 pag.
1349 2688 1421 2731 45)
1454 2688 1550 2720 Arm,
1583 2688 1619 2725 4,
1639 2687 1701 2721 23.

192 2766 240 2771 m·
290 2746 434 2790 15,10.
480 2766 528 2772 -—
577 2745 675 2779 Hist.
722 2745 835 2788 1,46.
872 2765 927 2769 —
959 2745 1075 2787 3,10.
1106 2764 1160 2769 ——
1192 2744 1255 2778 33.
1285 2764 1339 2768 —
1370 2744 1458 2787 Agr,
1488 2743 1551 2777 20.
1611 2742 1700 2776 Haec

190 2802 440 2847 exemplorum
484 2802 591 2846 copia
634 2801 744 2835 facile
789 2805 964 2845 augetur3
1002 2800 1173 2834 concludi
1209 2800 1324 2843 igitur
1354 2803 1493 2843 potest,
1524 2799 1699 2843 majorem

190 2869 267 2892 esse
296 2857 542 2892 constantiam
573 2856 881 2892 condicionalium
913 2868 1021 2901 quam
1053 2855 1311 2900 temporalium
1342 2855 1655 2889 enunciationum.

304 2910 335 2957 ¹)
367 2913 431 2948 Cfr
462 2913 596 2948 Lattm.
628 2933 680 2938 -
711 2912 851 2947 Mffller.
884 2912 902 2957 ξ
939 2913 1028 2954 108,
1059 2923 1143 2946 ann.
1175 2912 1209 2945 2.
