1944 3282
164 674 404 737 Primum
457 687 611 754 igitur
662 695 717 735 ut
765 706 911 737 usum
970 695 1249 753 temporum
1293 696 1342 737 et
1393 688 1665 738 modorum.

163 771 323 836 qualis
377 770 454 831 sit,
510 767 897 833 consideremus,
942 768 1098 832 facile,
1138 769 1179 818 si
1215 769 1447 818 universe
1476 768 1669 834 judica-

163 848 315 911 veris,
370 854 593 913 apparet,
649 846 874 896 Tacitum
929 847 1203 912 saepissime
1262 865 1500 912 usurpare
1561 867 1668 898 con-

162 931 420 985 junctivum
490 925 693 974 modum
751 925 803 973 in
863 925 1169 974 secundariis
1199 917 1202 921 ’
1228 925 1489 974 sententiis
1554 942 1668 972 con-

163 1004 514 1064 dicionalibus3
568 1021 684 1052 nam
737 1021 837 1052 non
889 1003 941 1051 in
995 1002 1194 1067 obliqua
1248 1003 1396 1051 modo
1433 1002 1666 1052 oratione.

163 1099 272 1146 quae
323 1089 541 1144 vocatur,
602 1088 652 1130 et
704 1082 757 1129 in
810 1081 1086 1144 sententiis,
1132 1099 1241 1146 quae
1277 1081 1465 1130 habent
1499 1079 1667 1129 condi-

161 1160 355 1208 cionem
408 1159 479 1208 rei
531 1158 728 1208 veritati
770 1159 840 1208 ita
882 1159 1179 1225 oppositam,
1218 1166 1285 1221 ut,
1325 1160 1457 1223 quod
1499 1166 1665 1208 contra

162 1245 251 1300 est,
307 1254 418 1286 esse
470 1236 551 1285 vel
604 1236 824 1286 futurum
867 1255 978 1286 esse
1022 1237 1424 1301 (»condici01ialis
1478 1237 1547 1302 Ι»)
1585 1246 1668 1286 aut

162 1315 316 1364 fuisse
353 1315 757 1379 ()>condicionalis
794 1315 893 1380 H»)
930 1316 1197 1381 cogitetur,
1237 1315 1364 1364 sicut
1399 1315 1562 1378 ceteri,
1601 1314 1665 1363 ita

161 1393 214 1441 T.
272 1393 588 1459 conjunctivo
640 1393 808 1457 utitur,
848 1394 937 1442 sed
973 1394 1122 1443 etiam
1158 1394 1209 1442 in
1247 1393 1523 1456 sententiis,
1562 1393 1667 1458 qui-

159 1470 253 1520 bus
306 1471 581 1520 iterationis
635 1471 712 1520 vis
766 1471 1088 1537 exprimenda
1140 1471 1225 1535 sit,
1272 1471 1323 1520 id
1366 1471 1498 1536 quod
1536 1489 1563 1520 a
1598 1470 1667 1520 lo-

159 1548 344 1614 quendi
404 1549 763 1599 consuetudine
822 1549 1091 1612 Ciceronis,
1152 1549 1386 1612 Caesaris,
1449 1549 1663 1598 Sallustii

160 1627 447 1690 abhorretl).
520 1627 743 1690 Accedit,
783 1627 914 1693 quod
949 1627 1382 1693 frequentissimus
1418 1628 1662 1693 conjunct.

161 1705 496 1771 »potentialisD
533 1716 622 1754 est.

263 1843 270 1846 ί
294 1784 590 1849 Priusquam
621 1789 785 1831 autem
822 1783 885 1832 ad
921 1783 1149 1848 exempla
1173 1785 1511 1833 enumeranda
1534 1792 1666 1833 tran-

161 1879 373 1925 seamus,
429 1880 539 1927 quae
592 1862 654 1910 de
708 1860 1140 1910 enunciationibus
1193 1862 1500 1911 condicionis
1542 1881 1665 1928 prae-

159 1947 301 2005 cepta
337 1940 450 2003 sint,
488 1940 660 2005 paucis
696 1957 1016 2005 exponemus.

264 2020 305 2066 1.
361 2018 421 2066 In
470 2026 677 2084 utraque
730 2017 1098 2080 enunciatione,
1170 2025 1220 2066 et
1272 2019 1563 2068 secundaria
1617 2028 1664 2068 et

358 2096 604 2161 primaria,
659 2101 951 2148 indicativus
985 2103 1264 2161 usurpatur,
1310 2114 1461 2160 quum
1499 2114 1562 2145 ex
1598 2097 1665 2146 a]-

359 2174 513 2223 terius
565 2174 771 2223 veritate
822 2173 1026 2222 alteram
1079 2191 1248 2222 veram
1303 2191 1413 2223 esse
1468 2175 1664 2224 conclu-

360 2251 492 2300 ditur
532 2252 620 2316 ita,
674 2260 729 2301 ut
770 2270 953 2302 verane
988 2270 1068 2301 res
1106 2251 1171 2300 sit
1205 2269 1383 2315 necne,
1439 2271 1539 2301 non
1583 2254 1663 2318 ju-

361 2330 564 2378 dicetur.

493 2408 573 2471 [In
598 2407 831 2473 primaria
856 2414 997 2470 sent,
1026 2424 1177 2471 quum
1195 2411 1455 2474 potentiali
1478 2406 1527 2453 vi
1552 2425 1662 2471 pro-

358 2484 526 2546 fertur,
582 2492 666 2534 aut
701 2489 940 2549 hortandi,
980 2489 1237 2552 optandive
1263 2483 1365 2531 vim
1390 2484 1554 2547 habet,
1581 2497 1663 2533 aut

358 2562 798 2628 interrogationem
857 2562 1078 2611 continet
1135 2567 1470 2626 dubitativam,
1555 2583 1663 2614 0072-

346 2645 591 2710 y'unctivus
633 2640 997 2705 (imperativus)
1023 2639 1320 2702 adhibetur]
1373 2639 1662 2688 Lattmann—

359 2718 549 2782 Msiller,
590 2718 951 2783 Schulgramm.
996 2720 1137 2766 1872.
1177 2717 1204 2783 ξ
1246 2720 1353 2766 177.

273 2885 306 2938 ¹)
337 2889 422 2924 vide
451 2889 615 2935 Madvig.
645 2888 882 2936 Sprachlehre
904 2888 1049 2933 (1857)
1069 2887 1088 2934 ξ
1107 2888 1198 2924 359.
