1944 3282
1556 259 1618 304 27

184 382 372 435 nuerat,
411 375 473 423 ab
509 375 650 423 hoste
687 375 910 439 oppressi
948 385 1076 424 sunt.
1151 376 1280 425 Hist.
1320 380 1364 440 4,
1388 380 1450 426 65
1471 409 1530 413 —
1555 379 1685 426 Ann.

187 454 229 514 6,
252 455 329 500 43.
368 453 530 500 —In
572 470 815 517 suspensa
867 454 1085 502 oratione
1142 472 1295 518 saepe,
1348 455 1501 504 veluti
1554 457 1683 504 Ann.

189 532 264 593 13,
285 533 363 579 40.
404 559 466 567 —-

320 752 565 817 Sequitur,
592 760 647 799 ut
674 753 962 816 sententias,
990 772 1099 818 quae
1123 754 1176 801 in
1210 755 1396 819 protasi
1424 758 1688 822 perfectum

186 829 390 893 habent,
445 829 599 895 (quod
650 837 847 895 tempus
901 831 1058 880 rarius
1102 832 1303 880 omnino
1340 832 1387 880 in
1427 851 1521 880 usu
1558 832 1689 897 apud

186 907 297 956 Tac.
337 911 433 971 est)
471 908 641 973 quales
679 908 791 971 sint,
830 909 1216 958 consideremus.
1284 909 1506 957 Primum
1542 910 1691 975 igitur

186 986 422 1035 nonnulla
457 985 682 1050 exempla
721 994 849 1048 sunt,
889 987 1103 1035 maxime
1135 987 1185 1035 in
1224 987 1498 1036 minoribus
1534 987 1687 1048 libris,

185 1064 270 1112 ubi
304 1082 393 1129 per
427 1064 753 1112 indicativum
789 1064 993 1129 perfecti
1030 1083 1143 1113 cum
1189 1065 1450 1131 praesentis
1503 1065 1689 1113 indica-

183 1142 286 1190 tivo
322 1142 374 1189 in
410 1141 613 1206 apodosi
651 1142 970 1207 conjunctum
1014 1143 1140 1192 actio
1184 1143 1491 1191 secundariae
1534 1161 1689 1192 enun-

184 1219 410 1268 ciationis
446 1227 667 1284 tempore
703 1221 995 1269 antecedere
1032 1229 1081 1269 et
1117 1221 1298 1286 saepius
1343 1221 1551 1286 repetita
1589 1221 1689 1286 sig-

184 1297 411 1346 nificatur
447 1297 787 1360 (Antecedens
823 1298 1148 1361 iterativum):
1193 1299 1325 1347 Ann.
1365 1302 1409 1361 4,
1434 1302 1494 1347 33
1532 1299 1612 1348 vel
1649 1300 1689 1347 si

184 1380 333 1427 evenit
369 1375 671 1438 (consociata
707 1376 991 1441 reipublicae
1029 1377 1220 1440 forma),
1277 1377 1412 1426 haud
1459 1379 1689 1426 diuturna

185 1474 280 1505 esse
309 1466 460 1521 potest
494 1483 560 1489 —
598 1456 659 1501 38
697 1471 812 1502 nam
850 1472 960 1518 quae
996 1472 1117 1504 saxo
1154 1463 1431 1518 struuntur,
1470 1456 1511 1504 si
1555 1456 1690 1521 judi-

185 1531 315 1579 cium
367 1539 677 1597 posterorum
728 1531 782 1579 in
835 1532 1003 1580 odium
1057 1538 1215 1596 vertit,
1272 1551 1360 1598 pro
1415 1533 1689 1598 sepulchris

184 1622 487 1677 spernuntur.
524 1643 590 1648 —
626 1609 755 1657 Hist.
795 1613 840 1673 2,
866 1612 924 1657 76
971 1611 1012 1659 si
1067 1611 1186 1675 quid
1239 1611 1382 1659 miles
1419 1645 1482 1651 —
1518 1617 1688 1673 habuit,

185 1692 410 1739 deteritur
445 1721 510 1727 ——
545 1686 606 1738 G.
648 1690 709 1736 10
747 1687 787 1735 si
817 1693 1184 1755 prohibuerunt,
1225 1689 1359 1738 nulla
1395 1720 1457 1723 —
1495 1689 1690 1738 consul-

183 1764 302 1813 tatio
356 1768 486 1824 (intz
541 1765 647 1829 θεὼ
703 1765 781 1814 sin
833 1766 1146 1831 permissum,
1184 1797 1250 1802 —-
1286 1771 1490 1834 eaeiffl'tur
1525 1801 1591 1807 —
1631 1769 1686 1814 ll

185 1856 362 1906 coeunt,
416 1843 512 1891 nisi
551 1843 670 1908 quid
706 1843 961 1892 fortuitum
997 1847 1212 1909 incidit1)
1250 1876 1312 1880 ——
1351 1850 1393 1897 si
1430 1849 1687 1913 displicuit,

185 1951 364 1984 —7—
399 1934 745 1989 aspernantur;
788 1922 863 1970 Sin
900 1927 1096 1990 placuit,
1136 1928 1403 1975 concutiunt
1439 1957 1491 1963 —
1542 1925 1602 1971 16
1642 1932 1689 1971 et

184 1998 224 2047 si
262 1999 461 2063 quando
497 2000 655 2048 hostis
691 2005 897 2060 advenit,
935 2011 1103 2066 aperta
1135 2007 1406 2069 populatur
1446 2031 1512 2037 —
1549 2004 1608 2049 39
1649 2002 1689 2050 si

182 2077 306 2126 forte
354 2081 616 2145 prolapsus·
671 2091 749 2140 est⁷
795 2112 858 2118 -—
904 2079 1038 2127 haud
1092 2079 1281 2128 licitum
1323 2109 1389 2115 ——
1432 2079 1490 2128 D.
1539 2082 1566 2127 5
1612 2080 1688 2128 sin

182 2155 436 2220 proprium
470 2155 743 2219 periculum
781 2160 1028 2224 increpuit,
1066 2176 1167 2206 non
1211 2157 1317 2221 (int.
1356 2159 1500 2221 sunt).
1527 2187 1594 2192 —
1626 2161 1690 2205 20

182 2232 280 2281 nisi
314 2262 381 2268 --
415 2237 638 2285 invitatus
680 2242 730 2282 et
772 2248 1027 2302 corruptus
1081 2250 1161 2299 est,
1217 2249 1465 2287 aversatur
1513 2265 1569 2270 —
1609 2237 1686 2283 29.

184 2310 270 2358 Ofr
304 2310 357 2358 in
393 2329 636 2376 suspensa
672 2312 891 2361 oratione
928 2314 1057 2362 Hist.
1098 2317 1142 2376 2,
1169 2316 1242 2361 76.
1266 2347 1330 2353 --
1355 2313 1398 2360 D
1436 2316 1499 2361 525
1537 2312 1595 2361 al.
1623 2342 1688 2348 -

183 2388 257 2436 De
295 2388 507 2452 singulis
543 2390 692 2438 rebus
729 2392 860 2438 Ann.
898 2394 941 2453 3,
966 2394 1025 2439 12
1052 2421 1119 2427 —-
1143 2391 1272 2439 Hist.
1301 2393 1347 2453 4,
1370 2393 1446 2439 58.
1474 2424 1540 2430 —
1563 2392 1685 2456 Agr.

186 2468 227 2514 3.
266 2496 331 2500 —-
366 2465 425 2514 D.
465 2469 543 2515 25.
582 2498 645 2502 —

297 2623 329 2671 l)
359 2627 484 2661 Etiam
526 2626 651 2661 forma
694 2627 871 2664 inciderit
899 2628 938 2661 in
969 2627 1110 2671 aliquot
1140 2626 1247 2660 codd.
1280 2645 1332 2650 ——
1365 2626 1409 2661 G.
1443 2627 1490 2660 21
1525 2627 1687 2670 abeunti,

184 2684 214 2717 si
246 2683 334 2728 quid
373 2683 592 2730 poposcerit
622 2681 786 2726 (variant
817 2682 963 2727 codd),
997 2682 1199 2717 concedere
1230 2682 1344 2716 moris
1375 2681 1467 2725 (int:
1501 2676 1587 2730 est).
1646 2683 1688 2716 In

182 2738 450 2773 recentioribus
485 2738 711 2773 editionibus
742 2740 841 2774 solus
871 2740 932 2773 hic
961 2738 1066 2773 locus
1097 2738 1379 2782 conjunctivum
1408 2738 1446 2772 in
1476 2738 1689 2782 hujusmodi

184 2798 344 2829 sentent.
367 2793 530 2829 exhibet.
580 2794 796 2830 Perfectum
827 2795 1060 2840 conjunctivi
1090 2793 1299 2828 iterationis
1330 2805 1441 2828 causa
1469 2794 1688 2828 inusitatum

182 2862 256 2886 non
301 2862 382 2885 esse
421 2855 688 2885 commemorat
718 2852 972 2885 AUTENROETH
1009 2861 1096 2895 pag.
1130 2849 1202 2893 33,
1234 2849 1374 2883 nullum
1404 2853 1530 2883 tamen
1561 2849 1687 2884 attulit

183 2906 405 2951 exemplum.
434 2925 490 2929 —
518 2907 574 2941 De
619 2907 738 2941 modis
779 2911 866 2952 post
896 2905 959 2942 ubi
988 2906 1074 2940 vide
1105 2905 1340 2939 Autenrieth.
1371 2909 1409 2940 et
1438 2905 1611 2940 Heraeum
1643 2905 1689 2939 ad

183 2962 281 2996 Hist.
314 2963 348 3005 l,
370 2962 431 2996 10.
462 2980 517 2985 -
