1944 3282
399 316 462 361 28

465 440 631 488 Altera
689 454 901 502 persona
958 439 1259 503 conjunctivi
1322 441 1516 503 ()>meist
1572 441 1643 489 als
1701 443 1825 506 conj.

330 514 368 561 F
372 522 497 562 utur.
523 523 678 562 exact.
707 516 870 566 neben
895 515 979 563 fut.
1010 517 1189 565 Ausdr.
1214 518 1278 565 im
1313 518 1660 583 Hauptsatze»,
1693 520 1829 568 Latt-

330 591 681 640 mann-Miiller
717 592 744 657 ξ
780 595 873 641 108
909 612 1021 641 ann.
1063 597 1132 657 3):
1171 597 1301 643 Ann.
1343 598 1386 658 3,
1407 599 1469 643 54
1507 597 1546 644 si
1583 597 1829 661 prohibita

330 674 695 731 transcenderis,
750 688 910 734 neque
963 679 1125 720 metus
1174 673 1302 721 ultra
1355 691 1515 738 neque
1561 674 1720 739 pudor
1763 689 1828 727 est

329 747 618 808 (antecedit:
647 747 687 795 si
724 753 839 799 velis
874 778 940 784 —
976 752 1160 813 timeas)
1196 780 1263 786 —
1299 750 1383 799 Cfr
1420 753 1549 799 Ann.
1580 754 1655 814 13,
1683 754 1743 799 21
1772 770 1826 800 ac

328 824 368 872 si
423 824 628 873 Plautus
682 833 766 873 aut
819 827 928 890 quis
972 827 1096 876 alius
1133 829 1487 893 rempublicam
1515 829 1827 894 judicaturus

327 907 592 966 obtinuerit,
647 909 817 956 desunt
870 905 1057 953 scilicet
1109 905 1228 953 mihi
1273 913 1598 969 accusatores,
1644 907 1728 971 qui
1765 938 1824 942 -—-

326 980 560 1045 objiciant
612 982 840 1045 (udesunt
892 983 1031 1047 quasi
1076 1001 1164 1047 pro
1205 983 1382 1047 futuro,
1421 992 1671 1049 tamquam
1699 986 1828 1049 jam-

317 1059 422 1121 jam
477 1060 632 1123 parati
688 1068 881 1108 essent»
927 1061 1120 1123 (Orelli)
1165 1091 1231 1096 ——
1286 1065 1328 1124 1,
1357 1065 1418 1110 58
1472 1070 1527 1110 ut
1569 1092 1636 1097 —-
1681 1062 1828 1110 simul

325 1137 461 1199 genti
516 1136 875 1186 Germanorum
912 1138 1121 1187 idoneus
1158 1139 1455 1203 conciliator,
1495 1140 1535 1188 si
1571 1140 1828 1205 poeniten-

325 1215 443 1262 tiam
481 1233 628 1279 quam
665 1215 934 1279 perniciem
974 1221 1205 1268 maluerit.
1244 1247 1309 1252 -—
1347 1221 1612 1284 Perfectum
1648 1223 1828 1270 indica-

325 1297 408 1343 tiz-i
441 1292 493 1339 in
529 1306 716 1362 utraque
751 1311 927 1341 enunc.
957 1294 1150 1342 duobus
1174 1294 1296 1343 locis
1321 1295 1512 1343 inveni:
1550 1297 1680 1344 Ann.
1705 1299 1826 1359 4‚35

324 1378 408 1418 aut
454 1371 494 1419 si
538 1371 648 1435 quis
693 1375 904 1433 advertit,
957 1371 1087 1419 dicta
1141 1372 1286 1420 dictis
1330 1378 1457 1424 ultas
1494 1387 1558 1426 est
1595 1404 1657 1407 —
1694 1373 1822 1422 Hist.

328 1450 453 1510 1,16
491 1453 738 1515 impletum
777 1463 842 1501 est
878 1467 1023 1497 omne
1059 1449 1333 1512 consilium,
1374 1450 1414 1498 si
1452 1458 1499 1499 te
1536 1451 1663 1499 bene
1696 1455 1823 1519 eleyi.

458 1529 725 1594 Perfectum
778 1532 920 1579 indie.
976 1527 1028 1574 in
1080 1528 1265 1592 protasi
1319 1546 1431 1575 cum
1475 1533 1652 1597 futuro
1704 1532 1736 1579 I
1774 1529 1827 1576 in

323 1604 527 1668 apodosi
570 1605 908 1669 conjunctum:
955 1606 1085 1652 Ann.
1133 1607 1258 1667 3,12
1302 1623 1417 1653 nam
1455 1605 1493 1653 si
1531 1605 1726 1670 legatus
1762 1642 1825 1647 -.

324 1687 465 1743 eae-ait,
521 1682 842 1746 eiusdemque
896 1689 1050 1730 morte
1105 1690 1153 1730 et
1196 1682 1330 1730 luctu
1374 1701 1483 1731 meo
1521 1688 1708 1735 lcetatus
1743 1698 1824 1742 est,

324 1765 464 1811 odero
502 1781 821 1827 seponamque
877 1763 952 1822 14,
976 1762 1038 1807 64
1091 1777 1253 1825 neque
1291 1767 1457 1808 tamen
1493 1766 1744 1824 silebimus,
1785 1763 1824 1811 si

323 1837 455 1901 quod
493 1845 693 1886 senatus
729 1838 1008 1886 consultum
1046 1845 1350 1902 postremum
1377 1842 1479 1906 fuit
1515 1869 1580 1874 —-
1619 1842 1694 1902 15,
1716 1842 1744 1887 2
1784 1840 1824 1888 si

322 1914 634 1963 cunctatione
687 1920 880 1983 deliqui,
923 1916 1104 1963 virtute
1147 1920 1386 1981 eorriqam
1426 1951 1493 1956 —
1528 1916 1587 1965 D.
1628 1920 1656 1964 3
1693 1919 1826 1982 quod

324 1991 363 2038 si
402 2010 498 2056 qua
536 1997 692 2044 omisit
728 1992 850 2041 Cato
874 2023 940 2030 —
965 1993 1211 2058 Thyestes
1250 1998 1370 2045 dicet
1404 2027 1470 2033 ——
1505 1996 1582 2042 42.
1615 2027 1679 2034 --
1711 1995 1825 2043 Uno

321 2069 428 2117 loco
472 2070 523 2117 in
563 2071 765 2135 apodosi
804 2078 880 2119 est
916 2076 1250 2138 imperativus:
1286 2072 1416 2119 Ann.
1458 2073 1584 2134 3,12
1623 2073 1664 2121 si
1701 2091 1825 2138 quos

323 2147 628 2212 propinquus
666 2148 871 2212 sanguis
908 2156 992 2196 aut
1028 2149 1151 2197 fides
1189 2167 1277 2197 sua
1311 2157 1544 2214 patronos
1582 2155 1725 2212 dedit,
1759 2185 1823 2191 -

316 2231 477 2290 juvate
511 2225 884 2289 perich'tantem.
923 2261 986 2266 -

457 2380 642 2443 Restat,
681 2390 734 2428 ut
770 2382 830 2430 de
867 2400 961 2430 usu
984 2387 1273 2451 futurorum
1310 2401 1466 2448 pauca
1500 2401 1819 2449 exponamus.

324 2458 542 2505 Primum
587 2459 852 2507 afferantur
889 2460 1161 2523 sententiae,
1201 2479 1407 2525 quarum
1443 2462 1496 2508 in
1532 2462 1823 2510 secundaria

323 2535 667 2584 enunciatione
710 2541 812 2604 fut.
850 2541 923 2600 II,
968 2538 1019 2585 in
1061 2538 1292 2602 primaria
1324 2543 1422 2607 fut.
1461 2542 1502 2590 I.
1549 2539 1820 2587 invenitur:

322 2614 451 2661 Ami.
507 2617 552 2676 2,
576 2616 637 2661 38
681 2614 721 2662 si
766 2620 1013 2682 coeperint,
1057 2634 1326 2680 numquam
1364 2621 1722 2668 eoesatiabmztur
1757 2651 1819 2657 —-

321 2690 437 2738 ibid.
494 2691 625 2755 quod
679 2692 719 2740 si
774 2692 1032 2741 ambitiose
1086 2699 1456 2757 exhauserimus‚
1505 2712 1593 2759 per
1637 2694 1822 2743 scelera

322 2773 642 2834 supplendum
686 2774 788 2820 erit.
827 2799 888 2803 -—
927 2773 970 2828 3,
992 2773 1069 2818 24.
1091 2804 1156 2808 —
1177 2773 1252 2819 54.
1274 2801 1341 2806 —
1361 2775 1435 2833 12,
1459 2774 1534 2819 37.
1557 2801 1620 2806 ——
1644 2774 1718 2833 13,
1739 2774 1816 2820 20.

320 2877 386 2883 —
408 2847 482 2907 14,
506 2848 566 2892 56
604 2863 704 2893 non
739 2854 823 2894 tua
858 2848 1142 2909 moderatio,
1181 2849 1220 2896 si
1250 2853 1519 2900 reddideris
1543 2849 1817 2913 pecuniam,

324 2939 412 2969 nec
450 2922 604 2985 quies,
644 2923 683 2970 si
721 2928 968 2992 reliqueris
1004 2925 1291 2989 principem,
1331 2925 1418 2973 sed
1456 2955 1514 2961 —
1558 2931 1820 2978 versabitur

323 2999 594 3061 (varietatis
649 3001 825 3064 studio,
881 3002 1042 3065 credo,
1096 3002 1353 3065 adductus,
1410 3003 1478 3051 sic
1533 3003 1586 3051 T.
1633 3004 1817 3068 pergit:
