1944 3282
1590 226 1650 271 35

220 343 476 392 steriorem
529 343 711 403 locum;
766 360 878 390 cum
931 342 1176 391 infinitivo
1206 348 1373 411 futuri
1410 344 1535 409 conj.
1575 344 1721 393 modo

212 421 427 486 priorem
467 421 614 470 modo
650 419 973 485 posteriorem
1008 420 1171 469 locum
1208 421 1410 471 obtinet.

345 500 419 547 Ac
457 499 499 548 si
534 496 762 562 exempla
799 497 1087 562 diligentius
1123 499 1437 563 conferimus⁷
1475 499 1719 549 evidenti-

211 594 347 625 orem
382 594 493 625 esse
530 575 858 624 constantiam
894 575 1227 624 Historiarum
1258 595 1407 642 quam
1433 577 1716 640 Annalium,

210 654 352 702 facile
387 654 631 717 videmus,
668 653 737 702 ita
773 660 828 702 ut
863 660 912 702 et
946 653 1130 719 ubique
1167 654 1269 702 fere
1304 655 1478 704 inillis
1501 676 1718 722 prcesens

210 750 298 797 pro
334 731 621 796 imperfecto
657 738 881 796 ponatur,
921 749 1074 795 quum
1111 731 1252 796 apod.
1292 732 1430 784 infin.
1459 738 1718 801 prcesentis

210 810 374 874 habet⁷
429 817 479 859 et
528 809 741 874 protasis
783 809 997 874 priorem
1039 808 1229 873 periodi
1272 808 1434 858 locum
1477 811 1716 870 obtineat;

210 886 262 934 in
313 887 391 936 his
435 895 605 936 contra
648 886 866 936 crebrior
907 893 985 935 est
1019 893 1069 935 et
1102 893 1382 951 temporum
1418 895 1468 936 et
1502 888 1718 937 locorum

210 964 436 1014 varietas.
459 965 603 1013 -In
639 964 813 1014 eadem
849 964 1052 1029 periodo
1087 971 1202 1029 post
1236 969 1279 1016 si
1303 995 1363 1002 —
1393 970 1493 1025 Sim
1529 971 1571 1018 si
1595 997 1659 1001 —-
1679 971 1720 1018 si

209 1050 432 1107 tempora
482 1042 733 1091 interdum
786 1042 1041 1091 variantur
1093 1041 1175 1105 ita⁷
1220 1049 1276 1090 ut
1318 1042 1506 1107 aliquid
1548 1043 1720 1092 verisi-

209 1120 324 1169 mile
361 1138 472 1170 esse
508 1139 598 1186 per
631 1138 854 1186 praesens
892 1119 1212 1185 significetur⁷
1250 1137 1340 1185 per
1374 1120 1566 1186 imperf.
1603 1139 1718 1170 con-

208 1198 337 1247 dicio
372 1198 444 1247 rei
480 1198 676 1247 veritati
712 1205 1011 1264 opponatur:
1050 1197 1180 1246 Hist.
1219 1200 1264 1261 4,
1286 1201 1351 1247 20
1389 1198 1430 1247 si
1466 1217 1612 1248 nemo
1644 1205 1718 1252 ob-

209 1282 401 1339 sisteret,
439 1276 700 1325 innoxium
735 1276 830 1325 iter
864 1276 990 1325 fore:
1029 1275 1108 1324 sin
1133 1293 1269 1325 arma
1293 1284 1565 1340 occurrant⁷
1592 1277 1718 1326 ferro

209 1354 342 1402 viam
378 1353 670 1402 inventuros
693 1384 751 1388 -—-
778 1357 837 1403 75
865 1354 905 1402 si
932 1353 1139 1402 Cerialis
1164 1354 1426 1420 imperium
1447 1354 1716 1404 Galliarum

210 1436 330 1494 velit,
384 1432 520 1497 ipsos
572 1431 757 1480 finibus
800 1432 1074 1481 civitatium
1117 1450 1316 1481 suarum
1359 1441 1638 1494 contentos3
1677 1435 1716 1483 si

207 1538 274 1544 —
309 1509 513 1573 malitl)⁷
568 1527 631 1558 ne
684 1509 736 1558 id
779 1510 981 1575 quidem
1024 1510 1241 1559 abnuere
1283 1545 1362 1559 —-.
1409 1510 1494 1559 Cfr
1529 1519 1716 1560 tamen:

209 1587 338 1636 Hist.
384 1590 429 1650 2,
451 1589 530 1651 28,
574 1587 659 1636 ubi
702 1588 837 1637 haud
874 1588 975 1637 scio
1011 1606 1075 1637 an
1111 1589 1356 1638 contraria
1391 1589 1514 1638 ratio
1553 1590 1637 1638 sit:
1677 1591 1715 1639 si

208 1665 463 1729 provincia
514 1665 636 1715 urbe
690 1674 740 1715 et
793 1666 949 1715 salute
992 1665 1185 1731 imperii
1229 1666 1389 1730 potior
1431 1672 1504 1729 sit,
1544 1685 1716 1716 omnes

207 1743 321 1791 illuc
359 1745 754 1808 sequerentur2):
794 1744 871 1793 sin
902 1743 1199 1792 victoriae—
1223 1744 1452 1793 columen
1488 1745 1539 1794 in
1576 1745 1713 1795 Italia

208 1833 473 1884 verteretur,
512 1839 612 1870 non
648 1821 1030 1887 abrumpendos.

339 1987 456 2036 Jam
508 2006 626 2037 vero
678 1996 733 2037 ut
774 1988 1141 2038 condicionales
1177 1989 1431 2054 particulae
1467 1991 1714 2055 quomodo

206 2083 294 2130 per
346 2083 399 2114 se
452 2065 687 2115 adhibitae
729 2067 842 2130 sint,
887 2066 1274 2131 consideremus,
1313 2067 1603 2132 particulam
1640 2074 1714 2120 sin

206 2161 305 2192 non
359 2144 683 2193 antecedente
737 2150 779 2196 32'
831 2145 1082 2193 nonnullis
1125 2145 1246 2194 locis
1282 2145 1494 2210 positam
1531 2147 1711 2211 reperi3

206 2226 452 2289 quinquies
476 2221 529 2269 in
553 2222 683 2271 Ann.
714 2225 756 2286 6,
778 2225 856 2271 46.
878 2257 944 2262 —
966 2225 1042 2286 11,
1067 2225 1142 2271 19.
1166 2258 1230 2266 -ψ
1253 2225 1329 2288 12,
1353 2226 1428 2272 53.
1452 2253 1497 2258 —
1539 2226 1614 2287 13,
1635 2227 1710 2275 37.

207 2328 268 2333 -
293 2301 367 2361 16,
389 2302 476 2360 25,
515 2304 654 2351 semel
688 2300 741 2348 in
777 2300 907 2349 Hist.
948 2302 991 2363 3,
1013 2302 1097 2364 263
1133 2300 1186 2348 in
1216 2300 1490 2349 minoribus
1517 2301 1712 2367 scriptis

206 2376 395 2424 nullum
429 2377 600 2425 inveni
635 2377 810 2427 locum.
838 2411 904 2417 —
927 2378 1047 2427 Post
1082 2382 1254 2429 mirum
1291 2378 1507 2442 positum
1544 2387 1621 2428 est
1656 2385 1709 2442 si,

319 2477 350 2525 ¹)
383 2481 531 2525 Omma,
563 2481 715 2525 anrssfl,
746 2482 927 2516 HERAEU8:
958 2483 1105 2524 mallem
1135 2481 1283 2515 ”verum
1314 2481 1481 2517 consulto
1511 2483 1596 2517 Tac.
1617 2484 1710 2518 vari·

206 2536 283 2570 avit
312 2542 469 2581 ternpus,
500 2548 571 2581 quo
606 2537 831 2582 significaret
861 2537 967 2573 Civili
996 2541 1033 2572 et
1053 2536 1213 2572 Classico
1233 2538 1357 2571 minus
1377 2538 1565 2582 probabile
1585 2539 1712 2577 fuisse,

203 2591 294 2628 fore,
325 2597 365 2625 ut
396 2591 433 2626 C.
463 2592 642 2637 proelium
672 2593 816 2627 mallet⁷'
848 2593 944 2638 (Or.)

316 2643 350 2692 2)
383 2648 558 2685 Praesens
588 2648 817 2693 conjunctivi
848 2649 885 2682 in
917 2648 1067 2694 protasi,
1096 2648 1135 2682 in
1167 2648 1317 2693 apodosi
1349 2651 1442 2692 conj.
1466 2650 1711 2698 imperativus

204 2705 418 2751 imperfecti
447 2704 558 2738 etiam
589 2704 687 2738 Anu.
721 2705 782 2747 14,
802 2705 864 2740 61.
886 2725 940 2729 -
964 2704 1062 2739 Hist.
1094 2705 1129 2747 3,
1148 2704 1279 2739 70.-—
1297 2704 1462 2739 Crebrior
1491 2710 1545 2740 est
1576 2707 1709 2755 imper-

198 2759 298 2806 fecti
327 2759 363 2793 in
394 2765 555 2808 utraque
586 2771 715 2794 enunc.
746 2772 852 2795 usus:
884 2762 981 2794 Anu.
1017 2761 1048 2803 1,
1067 2760 1130 2795 59.
1151 2780 1204 2784 -—
1229 2761 1263 2803 2,
1283 2760 1345 2795 26.
1368 2780 1420 2785 —-
1438 2762 1473 2802 4,
1492 2761 1557 2798 39.
1576 2782 1628 2787 ——
1651 2763 1709 2805 14,

206 2815 222 2847 1
273 2814 439 2858 (ORELL1‚
484 2816 636 2859 ΒΙΤΤΕΗ,
681 2816 811 2850 WEISE
846 2816 881 2850 h.
919 2816 941 2850 1.
978 2817 1013 2850 in
1047 2815 1200 2860 apodosi
1225 2828 1396 2865 proesens
1426 2816 1574 2860 habent,
1612 2819 1709 2862 quod

202 2870 300 2904 haud
330 2871 404 2905 scio
435 2882 480 2905 an
512 2871 613 2906 nullo
644 2871 723 2906 loco
753 2873 805 2907 sic
836 2872 1067 2917 usurpaverit
1097 2871 1199 2917 Tac.)
1237 2872 1297 2914 14,
1315 2872 1561 2908 38.-Hist.
1596 2874 1628 2917 1,
1646 2875 1710 2908 41.

206 2945 253 2950 —-
273 2926 344 2969 653
370 2927 526 2974 plusqu.
557 2928 596 2961 in
626 2928 784 2973 protasi:
816 2929 914 2962 Ann.
946 2928 982 2971 2,
1001 2928 1064 2963 85.
1082 2947 1132 2952 -
1156 2928 1215 2970 14,
1234 2928 1268 2963 8.
