1944 3282
1583 237 1641 283 39

209 364 359 426 vices,
411 363 480 412 ita
531 378 724 410 morum
773 366 1029 407 vertantur
1054 388 1118 395 —-
1147 362 1222 421 14,
1246 360 1307 407 56
1344 363 1439 410 nisi
1463 366 1596 426 forte
1631 364 1715 405 aut

206 455 255 490 te
308 440 508 489 Vitellio
567 446 643 486 ter
692 436 882 485 consuli
933 444 1020 485 aut
1071 454 1150 485 me
1204 436 1412 485 Claudio
1454 435 1713 501 postponis

210 517 571 581 ('’amarissima
621 522 698 564 est
747 513 1038 563 sententia''.
1107 513 1295 577 Orelli).
1322 543 1389 549 —
1414 513 1543 562 Hist.
1585 515 1627 575 3,
1651 514 1711 560 66

210 600 305 648 nisi
327 600 461 665 forte
495 593 836 659 Vespasianus
872 592 1071 641 altiores
1109 592 1311 657 spiritus
1346 599 1488 656 gerat
1519 591 1591 653 (in
1616 590 1710 639 obl.

209 675 445 736 or.)—4,
470 674 530 720 74
566 675 662 723 nisi
686 675 819 739 forte
845 700 911 705 —
937 669 1160 735 speratis.
1183 698 1249 704 —
1269 669 1326 717 D.
1366 672 1426 716 21
1467 673 1561 721 nisi
1584 673 1715 737 forte

210 751 469 816 quisquam
505 783 570 788 —
605 748 742 813 legit,
796 748 891 797 nisi
947 749 1029 813 qui
1083 754 1133 796 et
1185 747 1403 795 carmina
1444 746 1714 795 eorundem

208 829 426 876 miratur.
453 856 520 862 -
549 829 669 878 Nisi
702 843 791 891 pro
826 825 923 874 nisi
959 826 1082 875 forte
1118 831 1355 889 usurpato
1391 828 1716 891 conjunctivus

211 906 463 971 subjectus
512 912 607 953 est:
661 904 794 955 Ann.
852 907 927 968 13,
951 907 1010 952 31
1063 920 1222 969 pauca
1274 901 1511 949 memoria
1564 901 1717 966 digna

210 1000 435 1045 evenere,
474 987 571 1035 nisi
604 982 681 1030 cui
719 986 856 1033 libeat
891 982 1155 1031 laudandis
1186 979 1522 1028 fundamentis
1547 986 1598 1027 et
1619 985 1716 1027 tra-

209 1061 356 1109 bibus
374 1094 440 1100 —-
458 1060 711 1108 volumina
746 1060 964 1125 implere.

344 1142 463 1190 Nisi
516 1143 573 1200 si,
617 1156 728 1203 quae
769 1138 1011 1187 vocabula
1045 1137 1248 1187 Latinos
1285 1134 1506 1200 cujusvis
1543 1133 1716 1195 aetatis,

212 1216 392 1282 saepius
444 1215 759 1279 recentiores,
814 1217 1119 1281 conjungere
1173 1219 1525 1263 commemorat
1567 1211 1718 1260 Hand

211 1303 344 1360 (pag.
382 1296 519 1356 442),
557 1311 932 1359 nonnumquam
969 1294 1022 1342 T.
1062 1311 1184 1342 usus
1220 1299 1310 1355 est,
1350 1312 1443 1343 uno
1480 1291 1587 1339 loco
1623 1291 1718 1338 iro-

209 1372 340 1420 nice:
384 1375 506 1436 Agr.
547 1374 607 1419 32
647 1376 741 1423 m'sz‘
776 1376 818 1422 si
853 1370 1024 1420 Gallos
1061 1379 1110 1420 et
1146 1371 1424 1419 Germanos
1460 1376 1510 1417 et
1545 1368 1721 1433 (pudet

212 1450 366 1514 dictu)
409 1449 759 1500 Britannorum
801 1449 1062 1514 plerosque
1104 1449 1202 1497 fide
1245 1455 1294 1497 et
1329 1447 1526 1496 adfectu
1561 1445 1719 1494 teneri

210 1528 407 1592 putatis.
499 1527 630 1575 WEX
668 1527 875 1576 alterum
912 1527 953 1576 si
991 1527 1258 1576 delendum
1294 1525 1560 1587 existimat,
1605 1523 1720 1588 quia

212 1610 306 1657 nisi
357 1610 400 1657 si
442 1623 595 1670 quum
639 1605 842 1668 dicatur,
881 1622 1077 1670 semper
1111 1605 1177 1667 id,
1219 1604 1350 1669 quod
1386 1602 1603 1668 positum
1640 1602 1717 1662 sit,

212 1683 315 1731 fieri
351 1701 498 1748 posse
535 1682 854 1747 cogitetur1);
893 1682 943 1730 id
981 1683 1114 1747 quod
1150 1700 1176 1731 e
1214 1682 1405 1745 ceteris,
1444 1698 1555 1745 quae
1587 1680 1720 1744 apud

212 1760 324 1809 Tac.
363 1761 548 1824 inveni,
587 1760 828 1825 exemplis
865 1760 1159 1809 concludere
1196 1760 1323 1809 licet.
1396 1760 1550 1807 Ann.:
1590 1760 1718 1819 6,25

156 1835 160 1839 ⁴
211 1857 324 1886 cum
379 1839 439 1888 de
492 1839 774 1903 Agrippina
826 1839 1064 1901 auditum,
1110 1839 1363 1887 voluntate
1406 1837 1717 1894 exstinctam,

215 1921 307 1968 nisi
360 1922 402 1968 si
446 1917 643 1981 negatis
685 1916 933 1966 alimentis
975 1915 1302 1965 adsimulatus
1345 1922 1422 1963 est
1470 1914 1598 1977 finis,
1637 1914 1720 1978 qui

211 1994 464 2042 videretur
516 2002 691 2060 sponte
744 2002 972 2060 sumptus
997 2029 1061 2035 -—
1093 1997 1169 2057 15,
1193 1996 1254 2042 53
1310 1997 1405 2045 nisi
1457 1997 1499 2043 εἰ
1541 1990 1720 2055 cupido

214 2072 501 2120 dominandi
544 2073 736 2122 cunctis
778 2073 1055 2122 adfectibus
1090 2071 1379 2136 flagrantior
1413 2068 1650 2122 est—G.
1690 2071 1719 2115 2

214 2149 336 2208 Quis
372 2149 691 2199 Germaniam
728 2158 934 2216 peteret,
969 2150 1231 2199 informem
1258 2179 1320 2183 ——
1348 2166 1589 2212 asperam,
1628 2152 1723 2198 nisi

215 2233 256 2278 si
307 2228 465 2292 patria
513 2228 577 2276 sit
623 2229 736 2291 (hoc
782 2229 942 2277 solum
978 2236 1054 2277 est
1089 2231 1376 2295 conjunctivi
1404 2233 1517 2291 post
1553 2230 1647 2278 nisi
1681 2230 1723 2277 si

214 2305 361 2369 positi
399 2306 718 2370 exemplum).

349 2385 470 2434 Nisi
521 2389 668 2451 quod,
707 2401 803 2448 qua
838 2382 1046 2431 formula
1081 2389 1288 2429 utuntur
1321 2381 1485 2430 Latini
1521 2381 1584 2429 ad
1621 2381 1722 2444 sig—

218 2460 517 2508 nificandam
553 2461 915 2525 exceptionem,
955 2477 1052 2524 qua
1087 2459 1320 2524 primaria
1345 2470 1468 2507 sent.
1496 2476 1596 2506 non
1620 2465 1722 2506 tota

216 2537 416 2603 tollitur,
454 2538 542 2586 sed
579 2538 842 2603 apponitur
877 2537 1085 2601 aliquid,
1124 2536 1255 2600 quod
1292 2553 1401 2584 eam
1437 2535 1720 2600 restringat,

219 2616 399 2680 saepius
435 2615 567 2680 apud
603 2615 716 2664 Tac.
754 2615 1019 2663 invenitur.
1093 2614 1233 2676 Sunt,
1289 2614 1372 2678 qui
1427 2614 1594 2662 dicant
1630 2618 1723 2663 nz'sz‘

219 2698 345 2761 quod
388 2693 441 2740 in
479 2694 892 2759 significationem
941 2692 1269 2741 adversativae
1304 2691 1556 2757 particulae
1592 2690 1722 2739 abis-

331 2828 364 2876 l)
395 2830 539 2875 Proleg.
568 2842 652 2876 pag.
685 2830 953 2867 69‚—Hand
983 2830 1109 2864 multis
1138 2829 1327 2874 exemplis,
1357 2829 1519 2873 undique
1549 2827 1723 2869 collectis,

220 2889 293 2923 nisi
336 2889 370 2922 si
413 2887 549 2921 ironice
586 2887 669 2930 dici,
706 2886 897 2921 ostendere
933 2891 1096 2921 conatur.
1154 2885 1257 2930 Saepe
1286 2890 1409 2920 tamen
1440 2885 1615 2919 incertam
1645 2894 1723 2918 esse

219 2943 435 2987 scripturam
465 2942 569 2976 codd.
598 2941 804 2977 confitetur.
