1944 3282
1529 261 1588 306 31

156 401 252 447 quo
289 383 480 432 facilius
515 381 819 445 intelligatur
854 398 984 428 0000
1022 380 1154 428 locos
1183 381 1353 429 afferre
1380 380 1513 443 libet,
1541 398 1664 444 quo-

156 479 264 508 rum
317 462 485 509 formae
537 463 834 527 conjunctivo
884 462 1350 526 plusquamperfecti
1400 465 1547 507 rectae
1590 476 1656 505 or.

155 539 478 604 respondent:
522 538 652 584 Ann.
702 538 776 598 14,
799 538 859 583 29
907 536 1089 600 quippe
1132 535 1286 584 multa
1320 536 1373 584 in
1409 536 1659 584 Neronem

155 617 434 665 adulatione
479 613 671 663 addidit
712 618 1027 680 subjecturum
1072 613 1116 661 ei
1152 614 1456 678 provinciam
1484 618 1658 683 fuisse,

156 694 195 742 si
232 693 434 742 biennio
469 691 695 757 proximo
731 691 1023 739 vixisset—
1046 693 1120 753 15,
1145 694 1205 739 35
1235 696 1468 743 victurum
1493 698 1659 739 tamen

155 776 316 835 sitisse,
355 771 395 819 si
433 769 744 819 clementiam
772 769 956 833 judicis
992 776 1344 834 exspectasset.
1395 768 1660 818 Nonnullis

154 849 274 898 locis
305 853 463 917 faisse
516 847 756 896 omissum
792 854 868 895 est
905 848 1055 911 (Ann.
1096 850 1140 909 2,
1164 849 1240 895 31.
1268 877 1334 882 —
1357 850 1415 894 73
1454 847 1534 909 al).
1574 846 1662 895 Cfr

155 927 283 975 Ann.
332 930 374 989 3,
400 929 460 974 53
499 925 676 990 quodsi
713 943 906 973 mecum
943 932 1056 974 ante
1092 925 1186 972 viri
1224 924 1434 987 strenui,
1474 924 1657 986 aediles,

154 1004 414 1053 consilium
457 1002 763 1064 habuissent,
808 1003 975 1051 nescio
1012 1021 1076 1052 an
1110 1023 1346 1055 suasurus
1370 1007 1559 1071 fuerim
1594 1036 1661 1041 —

155 1083 283 1131 Hist.
326 1085 367 1144 1,
390 1084 451 1129 26
490 1080 818 1129 dissimulatio
854 1081 958 1143 fuit,
996 1088 1051 1129 ut
1085 1114 1151 1120 —
1187 1079 1435 1128 Othonem
1468 1085 1661 1147 rapturi

155 1164 347 1222 fuerint,
385 1159 436 1207 ni
473 1193 538 1198 —
573 1159 868 1207 timuissent.
907 1189 974 1194 —

289 1237 559 1286 Sententiae
604 1237 785 1301 saepius
829 1237 1023 1285 obviam
1072 1243 1201 1299 sunt,
1240 1254 1447 1300 quarum
1485 1253 1660 1283 secun-

155 1316 291 1364 daria
334 1315 615 1364 enunciatio
659 1333 721 1363 ex
765 1315 1034 1363 indicativo
1073 1314 1250 1378 aliquo,
1288 1313 1544 1378 participio
1581 1313 1660 1361 vel

154 1411 216 1442 ex
260 1393 355 1442 alia
396 1394 535 1442 verbi
578 1394 734 1442 fornia
776 1392 1056 1457 dependere
1092 1391 1176 1440 illa
1212 1392 1412 1456 quidem
1448 1391 1658 1453 Videtur,

154 1490 205 1520 re
241 1479 408 1520 tamen
443 1489 562 1520 vera
598 1489 661 1520 ex
696 1475 925 1540 infinitivo
964 1478 1048 1519 aut
1083 1487 1146 1518 ex
1181 1469 1276 1518 alia
1308 1470 1520 1534 quadam
1545 1487 1662 1534 apo-

157 1549 279 1613 dosi,
336 1567 446 1614 quae
482 1549 781 1614 cogitatione
834 1547 975 1596 facile
1028 1547 1240 1610 additur,
1297 1565 1539 1612 suspensa
1585 1554 1662 1595 est

158 1627 265 1691 (Cfr
300 1628 519 1692 Madvig.
560 1627 587 1692 ξ
627 1629 736 1690 348,
774 1644 814 1674 0.
855 1644 966 1675 ann.
1007 1629 1050 1674 2.
1090 1625 1191 1674 Cic.
1231 1625 1369 1673 Verr.
1402 1628 1446 1687 2,
1470 1627 1529 1672 67
1556 1625 1660 1673 Μο-

154 1705 300 1754 tellus
344 1705 696 1770 Centuripinis,
742 1705 837 1753 nisi
882 1711 1073 1752 statuas⁴
1104 1703 1276 1752 Verris
1312 1702 1659 1764 restituissent,

156 1783 375 1848 graviter
411 1783 626 1831 minatur
658 1808 709 1823 2-
741 1782 968 1845 minatur,
1008 1800 1060 1830 se
1095 1781 1156 1830 iis
1193 1781 1377 1829 malum
1415 1781 1661 1841 daturum,

158 1861 289 1924 nisi).
361 1861 536 1925 Neque
577 1879 694 1909 vero
730 1861 929 1909 Tacitus
965 1860 1017 1908 in
1054 1859 1235 1908 talibus
1272 1858 1547 1907 enunciatis
1585 1876 1662 1907 se-

157 1939 301 1987 cund.
341 1939 605 2004 praesentia
640 1946 862 2003 tempora
897 1937 1118 1998 adhibet3
1156 1937 1340 2001 ubique
1377 1936 1509 1985 enim
1546 1954 1662 1984 000-

155 2017 432 2065 iunctivum
486 2024 570 2066 aut
621 2015 893 2082 imperfecti
947 2022 1032 2064 aut
1075 2014 1460 2080 plusqvamperf.
1507 2014 1659 2079 ponit.

158 2093 341 2143 Contra
381 2095 433 2142 in
478 2095 711 2144 continua
750 2093 967 2142 oratione
1004 2093 1203 2157 obliqua
1238 2092 1502 2158 praesentia
1538 2099 1662 2141 tem-

157 2189 276 2236 pora
298 2171 697 2237 frequentissime
722 2178 1035 2236 usurpantur.
1064 2171 1247 2219 Prioris
1271 2170 1471 2235 generis
1496 2187 1663 2218 exem-

158 2249 238 2314 pla
282 2257 416 2298 sunt:
460 2250 591 2299 Ann.
642 2253 683 2313 1,
707 2252 768 2298 35
806 2256 855 2297 et
892 2249 933 2297 si
969 2249 1119 2298 vellet
1152 2248 1427 2314 imperium,
1465 2266 1662 2312 promp-

158 2334 235 2375 tas
287 2345 367 2376 res
420 2334 730 2376 ostentavere
773 2362 841 2368 —
883 2334 1220 2392 opposuerunt
1260 2326 1461 2375 abeunti
1510 2344 1659 2388 arma,

160 2404 444 2455 minitantes
471 2407 545 2468 (se
582 2423 695 2453 eum
730 2405 1075 2453 interfecturos
1112 2406 1260 2467 esse),
1287 2404 1337 2451 ni
1373 2404 1662 2469 regredere-

160 2488 239 2528 tur
290 2511 354 2516 —--
407 2484 536 2544 2,13
584 2482 624 2530 si
670 2482 781 2546 quis
823 2482 1177 2545 transfugisset
1212 2481 1423 2529 Arminii
1460 2481 1661 2529 nomine

160 2558 418 2623 pollicetur
470 2588 537 2594 —
595 2562 656 2606 22
705 2559 890 2607 bellum
948 2559 1000 2606 10
1044 2558 1371 2623 Angrivarios
1425 2558 1660 2607 Stertinio

162 2635 377 2699 mandat,
430 2636 481 2683 ni
535 2637 936 2701 properavissent
975 2669 1041 2676 --
1083 2638 1144 2683 42
1189 2635 1501 2684 clementiam
1545 2636 1661 2683 offe-

161 2712 313 2775 rebat,
370 2713 410 2761 si
465 2713 528 2762 ad
578 2714 881 2778 precandum
934 2713 1128 2762 veniret
1168 2743 1232 2748 —
1269 2713 1310 2761 si
1361 2713 1661 2776 crederetur,

161 2790 264 2838 vim
290 2824 353 2831 —
379 2798 606 2840 metuens
630 2822 696 2826 —
723 2794 798 2840 64.
827 2826 892 2831 —-
921 2794 995 2839 88.
1027 2821 1088 2826 -—
1117 2794 1160 2853 3,
1184 2793 1226 2841 3.
1246 2819 1314 2826 —
1336 2793 1409 2839 15.
1433 2820 1493 2826 —-
1513 2794 1556 2853 4,
1581 2793 1657 2839 60.

160 2897 226 2904 —
256 2871 331 2917 69.
362 2899 424 2903 ——
457 2872 530 2931 11,
554 2872 629 2917 37.
659 2900 720 2904 —
749 2872 1009 2933 12,12.—
1030 2872 1107 2917 29.
1130 2898 1193 2904 -
1216 2871 1477 2931 13,18.--
1497 2871 1572 2917 50.
1602 2899 1663 2904 —-

164 2948 241 2995 53.
270 2979 336 2985 —-
361 2948 437 2997 54.
466 2976 532 2982 —
560 2950 635 2995 56.
665 2950 1011 3013 -14,57.-
1033 2949 1108 2996 62.
1131 2981 1195 2987 -
1217 2949 1292 3004 15,
1314 2949 1390 2995 36.
1412 2977 1475 2982 -
1497 2949 1572 2995 51.
1597 2978 1664 2984 -ν
