1944 3282
349 306 413 351 20

283 425 423 475 ralis»
461 453 525 460 -—
560 441 688 472 »non
730 429 831 470 tam
868 421 1001 485 quod
1029 428 1135 469 tum
1170 420 1353 469 factum
1391 420 1468 482 sit,
1507 420 1595 468 sed
1632 420 1779 469 etiam

285 503 403 568 quid
439 506 587 554 moris
624 500 701 563 sit,
740 517 798 547 eo
835 497 1184 562 significatur».
1268 498 1388 562 Agr.
1428 500 1456 545 2
1495 497 1779 546 memoriam

285 597 478 646 quoque
531 579 691 644 ipsam
744 595 857 625 cum
900 593 1020 623 voce
1064 575 1468 641 perdidissemus,
1516 574 1557 623 si
1594 581 1695 623 tam
1730 575 1781 622 in

285 665 452 708 nostra
502 662 744 722 potestate
799 666 914 705 esset
960 652 1185 701 oblivisci
1231 670 1379 717 quam
1422 660 1584 700 tacere
1620 687 1685 692 --
1719 654 1782 699 23

285 755 340 785 ac
367 736 407 784 si
433 735 590 783 virtus
615 732 921 781 exercituum
947 737 996 778 et
1019 730 1227 778 Romani
1265 729 1480 778 nominis
1515 729 1673 793 gloria
1688 751 1784 797 pa-

287 827 473 875 teretur,
507 812 741 860 inventus
777 809 828 856 in
863 809 972 873 ipsa
1008 807 1228 856 Britania
1262 807 1502 856 terminus
1539 808 1675 868 (erat,
1714 806 1784 854 cfr

287 889 477 954 Kritz.).

420 966 715 1030 Priusquam
768 964 830 1012 ad
874 963 1083 1027 reliqua,
1129 981 1239 1027 quae
1284 963 1345 1011 de
1381 980 1475 1010 usu
1510 961 1783 1026 imperfecti

288 1044 586 1110 disputanda
640 1049 775 1105 sunt,
831 1041 1227 1106 progrediamur,
1274 1039 1532 1089 sententiae
1584 1055 1786 1086 enume-

288 1130 477 1184 rentur,
521 1121 574 1168 in
610 1120 789 1184 quibus
826 1119 994 1166 formae
1031 1123 1374 1171 condicionalis
1411 1121 1476 1169 II
1504 1117 1696 1178 insunt,
1733 1124 1786 1163 ut

289 1200 468 1249 deinde
502 1199 563 1246 de
588 1198 663 1260 iis,
691 1215 800 1261 quae
836 1197 888 1243 in
923 1215 1021 1245 uno
1058 1196 1137 1244 vel
1173 1196 1325 1244 altero
1361 1202 1581 1259 tempore
1617 1192 1787 1241 huius-

289 1277 422 1326 modi
449 1275 707 1324 sententiae
743 1274 907 1322 minus
944 1274 1124 1322 usitata
1160 1272 1375 1322 habeant
1410 1278 1556 1336 atque
1594 1271 1784 1332 similia,

291 1356 465 1405 eodem
500 1354 607 1402 loco
643 1352 912 1416 loquamur.
952 1386 1018 1392 -—
1055 1353 1389 1420 Conjzmctivus
1417 1355 1787 1418 plusquamper-

280 1438 401 1502 feetz'
435 1433 488 1480 in
522 1440 729 1494 utraque
766 1429 1133 1477 enunciatione:
1189 1430 1318 1476 Ann.
1362 1430 1403 1490 1,
1427 1430 1503 1475 39.
1541 1460 1607 1466 -
1642 1429 1687 1488 2,
1711 1428 1785 1474 39.

290 1541 356 1547 --
396 1513 540 1574 4,13.
580 1537 645 1544 -
683 1509 857 1569 1216.
896 1540 962 1546 -
1005 1509 1081 1555 37.
1109 1536 1175 1542 ——
1201 1509 1275 1554 38.
1303 1508 1465 1553 —42
1495 1534 1558 1539 -—
1585 1506 1660 1552 54.
1700 1522 1788 1562 ——3

292 1589 420 1638 Hist.
463 1591 504 1650 1,
529 1590 604 1635 37.
631 1614 697 1620 —-
732 1586 875 1646 2,14.
902 1621 965 1628 -
1005 1586 1080 1632 66.
1106 1618 1172 1623 -—
1210 1586 1353 1646 3,23.
1391 1617 1457 1622 —
1495 1584 1570 1630 66.
1610 1611 1673 1616 —-
1714 1583 1787 1628 71.

293 1701 356 1706 -
395 1668 469 1713 77.
497 1693 562 1700 ——
588 1666 663 1711 80.
694 1693 756 1697 -—
794 1664 838 1725 4,
860 1664 934 1709 34.
962 1691 1017 1696 —-
1054 1664 1196 1724 5,18.
1236 1680 1320 1719 -;
1358 1661 1478 1725 Agr.
1523 1662 1597 1708 16.
1624 1693 1688 1698 -
1711 1663 1788 1706 26.

295 1779 356 1784 *-
394 1746 470 1791 37.
510 1761 597 1801 -—;
635 1741 692 1788 D.
733 1742 816 1799 413

426 1821 485 1868 In
538 1819 616 1867 his
669 1818 789 1866 locis
833 1817 1063 1881 apodosis
1099 1823 1183 1864 aut
1218 1814 1415 1879 ellipsin
1452 1813 1591 1862 verbi
1628 1813 1790 1874 habet,

294 1906 377 1947 aut
412 1898 552 1946 aliter
587 1896 890 1945 conformata
926 1902 1023 1943 est:
1062 1895 1191 1941 Anu.
1233 1895 1277 1954 4,
1300 1895 1373 1940 73.
1397 1912 1471 1953 —;
1496 1891 1624 1939 Hist.
1649 1893 1689 1952 1,
1712 1893 1788 1938 49.

296 2007 358 2011 -
396 1979 471 2024 89.
510 2004 576 2012 --
611 1978 655 2037 2,
680 1976 756 2021 68.
784 2007 850 2012 —
876 1975 918 2035 3,
943 1974 1019 2019 41.
1043 2001 1107 2006 —-—
1133 1974 1177 2034 4,
1201 1973 1275 2018 39.

431 2053 580 2101 Haud
617 2052 719 2100 scio
755 2069 817 2099 an
855 2050 987 2098 nulla
1024 2066 1074 2097 re
1117 2048 1298 2112 magis,
1346 2065 1491 2112 quam
1534 2047 1665 2095 illius
1708 2065 1795 2110 ge-

299 2132 430 2180 neris
491 2129 750 2179 sententiis
808 2147 836 2176 a
893 2126 1087 2191 vulgari
1146 2125 1378 2189 loquendi
1437 2124 1793 2172 consuetudine

300 2209 522 2257 discedat
563 2207 788 2266 Tacitus3
843 2212 1072 2268 recteque
1126 2203 1410 2251 observavit
1452 2202 1792 2264 Boetticher¹),

297 2287 480 2335 rariora
532 2279 642 2333 esse
701 2283 928 2347 exempla
981 2281 1108 2329 tritis
1164 2281 1360 2345 legibus
1411 2278 1791 2328 accommodata.

300 2363 490 2428 Saepius
527 2363 659 2410 enim
696 2365 1025 2429 z'mpeyfectum
1061 2363 1313 2410 ‘indicativi
1337 2358 1388 2405 in
1413 2356 1614 2422 a-podosi
1643 2356 1794 2419 ponit,

299 2460 395 2506 quo
432 2440 557 2489 actio
594 2447 678 2487 aut
712 2457 763 2487 re
800 2456 917 2486 vera
952 2436 1126 2497 fuisse,
1170 2443 1255 2483 aut
1289 2436 1497 2500 incepta,
1537 2433 1699 2497 aliqua
1735 2450 1794 2480 ex

299 2526 435 2584 parte
488 2518 613 2565 facta
669 2515 1031 2581 (imperfectum
1070 2514 1157 2561 >›de
1195 2513 1420 2575 conatu»)
1475 2510 1794 2575 significetur.

301 2614 452 2661 quum
485 2612 510 2642 e
536 2594 719 2658 protasi
737 2595 1202 2661 μαψιιανηρσῃῐθστί
1228 2594 1518 2659 conjunctivo
1546 2604 1795 2652 expressa.

301 2691 409 2721 eam
462 2671 524 2720 ad
577 2678 811 2719 eventum
861 2689 959 2718 11011
1010 2669 1298 2733 perductam
1335 2683 1459 2728 esse,
1498 2665 1794 2730 appareat-²).

302 2753 465 2814 Atque
501 2749 553 2796 in
588 2749 679 2797 tria
715 2765 901 2813 genera
937 2745 1162 2810 exempla
1200 2743 1413 2793 describi
1449 2749 1670 2807 possunt.

417 2893 447 2939 ¹)
479 2897 565 2930 Lex.
595 2896 678 2930 Tac.
710 2907 793 2940 pag.
824 2895 915 2930 257.
949 2913 1000 2918 —
1031 2889 1065 2937 2)
1098 2891 1265 2927 Protasin
1310 2891 1467 2935 priorem
1511 2889 1630 2922 locum
1677 2886 1796 2931 (Hist.

305 2954 340 2994 4,
363 2952 420 2987 18.
451 2971 503 2976 -
534 2952 630 2985 Α1111.
671 2952 702 2993 1,
726 2951 789 2985 23.
821 2969 874 2975 —
906 2950 941 2992 4,
960 2948 1041 2993 71.)
1086 2946 1333 2991 insejusmodi
1379 2949 1470 2979 seut.
1514 2955 1593 2978 raro
1631 2943 1798 2976 obtinere

303 3011 399 3042 recte
443 3007 653 3041 observavit
687 3006 850 3050 Draeger,
887 3004 953 3039 Stil
984 3004 1018 3038 d.
1047 3003 1131 3037 Tac.
1161 3014 1244 3047 pag.
1276 3002 1339 3036 73.
1370 3020 1422 3025 -—-
1453 2999 1521 3034 Ad.
1552 3000 1648 3034 Anu.
1684 2999 1716 3042 1,
1735 2998 1800 3032 23.
