1944 3282
393 352 454 398 38

324 474 368 533 4,
404 473 463 519 16
517 471 580 520 ad
631 479 936 536 postremum
988 473 1347 538 gubernatores
1397 473 1821 539 centurionesque,

324 549 419 597 nisi
457 549 631 597 eadem
667 549 893 613 volentis,
931 549 1181 598 trucidant
1216 549 1488 614 (omissum,
1526 551 1688 614 credo,
1726 560 1820 600 est:

324 639 494 688 essent;
529 626 644 675 Vide
681 626 811 678 Hist.
851 626 991 691 Synt.
1032 626 1059 692 ξ
1099 628 1230 691 143).

457 704 715 753 Particulae
768 725 864 756 non
905 709 1000 756 nisi
1039 712 1209 754 contra
1244 705 1655 754 consuetudinem
1691 712 1825 754 vete-

322 800 430 830 rum
467 782 599 848 apud
631 781 894 847 scriptores
919 790 1170 847 argenteae
1193 783 1351 831 aetatis
1376 783 1510 831 nullo
1535 783 1826 848 interposito

322 860 562 909 vocabulo
605 861 1045 925 componuntur1):
1089 861 1220 909 Ann.
1254 863 1299 924 2,
1321 863 1384 908 26
1423 860 1506 925 qui
1542 861 1677 909 nullo
1718 868 1822 909 tum

323 938 417 987 alio
468 938 610 987 hoste
663 937 805 986 hoste
847 959 943 989 non
987 942 1082 990 m'sz'
1119 938 1250 1003 apud
1287 937 1582 987 Germanias
1617 939 1820 1003 adsequi

322 1033 503 1065 nomen
524 1046 585 1050 ——
605 1022 786 1080 posset.
808 1049 874 1055 —
893 1017 938 1078 4,
960 1017 1022 1064 25
1060 1037 1156 1068 non
1192 1021 1287 1068 nisi
1323 1016 1447 1065 duce
1483 1016 1741 1065 interfecto
1763 1047 1821 1051 —-

324 1095 385 1141 68
439 1093 502 1141 ad
554 1110 702 1157 quem
755 1114 850 1144 non
892 1098 987 1144 nisi
1026 1110 1116 1158 per
1159 1093 1392 1143 Seianum
1427 1095 1739 1157 aditus—6,
1761 1096 1823 1142 49

322 1171 560 1236 effugium
613 1192 709 1223 non
751 1176 847 1223 nisi
886 1178 1041 1219 morte
1083 1170 1510 1235 inveniret—14,
1535 1179 1559 1222 1
1599 1194 1695 1224 non
1732 1176 1827 1223 nisi

321 1249 420 1298 filio
473 1249 703 1297 infestam
731 1283 795 1288 —
820 1250 884 1296 44
927 1248 1206 1297 conluviem
1245 1250 1392 1298 istam
1428 1271 1525 1301 non
1560 1254 1656 1302 nisi
1691 1256 1826 1297 metu

322 1327 597 1375 coercueris
624 1357 687 1361 —
715 1329 790 1375 63.
822 1345 906 1385 -;
944 1326 1074 1374 Hist.
1117 1329 1159 1388 1,
1188 1328 1266 1379 58,
1287 1358 1350 1362 —-
1371 1330 1416 1391 2,
1439 1330 1515 1375 33.
1538 1346 1623 1388 —3
1662 1326 1721 1375 G.
1765 1329 1825 1374 14

321 1439 376 1445 —
408 1405 487 1468 (In
525 1404 735 1469 scriptis,
774 1423 885 1469 quae
919 1404 1078 1470 prima
1113 1404 1226 1454 Tac.
1262 1404 1431 1469 edidit,
1458 1405 1583 1453 Dial.
1612 1411 1661 1452 et
1684 1405 1824 1469 Agin,

321 1482 511 1530 nullum
563 1482 845 1547 exemplum
897 1482 1104 1546 inveni).
1144 1513 1206 1517 —
1241 1481 1355 1531 Uno
1408 1483 1488 1531 vel
1538 1482 1710 1548 paucis
1752 1482 1827 1529 in-

322 1560 571 1625 terpositis
607 1560 862 1609 vocabulis
900 1560 1080 1625 saepius
1116 1560 1269 1609 veluti
1301 1561 1432 1609 Ann.
1462 1563 1505 1623 3,
1528 1564 1570 1608 5.
1592 1594 1653 1600 --
1681 1563 1756 1622 12,
1780 1563 1823 1610 3.

323 1668 386 1673 —-
409 1641 483 1701 13,
507 1641 582 1686 32.
604 1667 671 1673 ——
690 1638 818 1686 Hist.
855 1641 898 1701 3,
921 1640 996 1686 66.
1021 1673 1082 1678 -
1104 1639 1224 1702 Agr.
1252 1640 1330 1686 43.
1353 1667 1416 1673 —
1436 1641 1557 1689 Nisi
1579 1656 1691 1686 cum
1713 1660 1826 1705 pafr-

322 1720 483 1782 tz'cz'pz'o
529 1719 737 1783 perfecti
789 1715 1113 1764 antecedente
1167 1715 1431 1780 negatione
1485 1714 1823 1780 conjungitur:

322 1793 451 1841 Ann.
489 1794 751 1854 11,18.—
774 1795 849 1857 12,
873 1795 916 1844 3.
940 1823 1002 1828 —
1025 1796 1101 1857 13,
1125 1796 1201 1842 35.
1222 1811 1309 1854 -;
1336 1793 1466 1845 Hist.
1497 1796 1538 1856 1,
1563 1796 1638 1842 37.
1663 1828 1724 1834 -
1746 1796 1822 1841 38.

327 1901 384 1906 —
414 1870 473 1918 D.
513 1873 590 1920 41.
618 1900 672 1905 —
698 1869 825 1919 Cum
862 1875 953 1923 abl.
992 1877 1113 1923 aba:
1151 1870 1306 1922 Ann.:
1344 1873 1390 1934 2,
1415 1873 1490 1919 11.
1510 1904 1576 1911 -υ
1597 1873 1672 1919 65.
1695 1901 1760 1906 -
1781 1874 1824 1934 3,

323 1950 399 1996 24.
424 1977 486 1982 -—
506 1950 551 2011 4,
574 1950 653 2000 25.
674 1978 739 1984 —
761 1951 837 2011 12,
860 1951 938 2000 32.
958 1982 1023 1988 -
1046 1950 1122 2012 15,
1145 1950 1221 1997 69.
1245 1967 1329 2010 -;
1367 1948 1498 2000 Hist.
1529 1951 1571 2012 1,
1594 1951 1670 1997 53.
1692 1983 1757 1988 --
1780 1952 1823 2007 3,

325 2028 400 2074 66.
422 2055 487 2061 —-
507 2025 626 2088 (Cfr.
665 2026 873 2091 Madvig
910 2026 937 2092 ξ
974 2028 1071 2074 428
1108 2044 1219 2075 ann.
1259 2028 1325 2090 2).
1347 2061 1408 2066 —
1432 2027 1484 2089 2).
1507 2060 1572 2065 —

457 2106 577 2155 Nisi
618 2108 764 2173 forte,
810 2122 920 2168 quae
961 2104 1170 2153 formula
1212 2104 1461 2169 duplicem
1495 2104 1646 2153 habet
1680 2123 1825 2153 usum

322 2182 403 2244 ita,
456 2188 511 2229 ut
564 2188 648 2230 aut
707 2181 1017 2245 sententiam,
1072 2199 1183 2246 quae
1235 2182 1495 2245 antecedit,
1549 2181 1713 2246 aliqua
1764 2199 1826 2230 ex

323 2267 460 2324 parte
517 2259 712 2324 mitiget
774 2267 824 2308 et
874 2260 1026 2322 tollat,
1082 2266 1166 2308 aut
1218 2277 1306 2325 per
1356 2259 1565 2308 ironiam
1619 2259 1823 2321 dica-tur,

324 2355 475 2401 quum
528 2355 616 2402 per
667 2338 733 2401 id,
778 2338 910 2402 quod
952 2337 1242 2386 incredibile
1279 2337 1556 2403 opponitur,
1594 2337 1823 2402 primaria

325 2415 570 2464 sententia
612 2415 941 2479 confirmatur,
987 2415 1237 2464 nonnullis
1272 2415 1394 2464 locis
1429 2415 1620 2475 inveni;
1658 2415 1824 2480 ibique

324 2492 507 2541 ironice
552 2493 752 2554 dictum,
800 2493 931 2557 quod
975 2493 1253 2542 mirandum
1289 2510 1388 2541 non
1426 2500 1515 2555 est,
1553 2493 1825 2556 praesertim

325 2589 477 2635 quum
531 2576 626 2623 nisi
684 2591 809 2631 vero,
871 2571 1003 2635 quod
1057 2589 1253 2636 semper
1304 2569 1489 2618 ironice
1549 2570 1824 2618 adhibitum

325 2647 551 2696 Ciceroni
565 2648 944 2697 usitatissimum
965 2656 1053 2711 est,
1075 2648 1208 2713 apud
1227 2647 1452 2696 Tacitum
1472 2665 1573 2696 non
1592 2656 1754 2696 exstet
1769 2650 1821 2709 ν).

326 2759 387 2764 «-
407 2726 539 2776 Α1111.
577 2729 622 2788 2,
645 2728 721 2774 33.
744 2755 808 2762 -—
832 2728 874 2788 3,
898 2729 958 2774 35
997 2730 1091 2777 nisi
1115 2730 1249 2794 forte
1284 2725 1433 2773 rebus
1469 2725 1660 2773 cunctis
1696 2724 1827 2773 inest

326 2802 526 2867 quidam
581 2803 718 2852 velut
774 2804 922 2866 orbis,
975 2810 1030 2852 ut
1079 2803 1496 2868 quemadmodum
1548 2809 1822 2866 temporum

438 2902 470 2951 l)
503 2905 614 2940 Hand
659 2908 695 2950 4,
741 2918 826 2951 pag.
865 2907 956 2942 251.
981 2926 1035 2931 ——-
1057 2902 1092 2951 ²)
1130 2905 1264 2941 Contra
1293 2906 1330 2939 in
1362 2905 1419 2938 his
1447 2905 1547 2942 locis.
1578 2904 1637 2938 ubi
1670 2905 1826 2949 protasis

329 2961 430 3004 plene
473 2972 644 3006 expressa
679 2973 723 2996 ex
753 2962 822 2995 abl.
853 2962 926 2996 abs.
957 2961 1110 3006 pendet:
1142 2961 1238 2994 Anu.
1270 2961 1305 3000 4,
1326 2960 1386 2995 19.
1408 2980 1452 2985 -
1486 2960 1615 2995 60.-
1635 2959 1669 3001 6,
1690 2960 1750 2993 17.
1778 2979 1800 2983 -

331 3018 390 3056 11,
411 3016 470 3050 12.
494 3036 545 3041 —-
573 3017 633 3059 12,
651 3017 723 3058 323
758 3017 855 3051 Hist.
885 3018 919 3060 3,
938 3017 1001 3051 56.
1026 3036 1073 3041 —-
1091 3016 1152 3050 72.
1170 3036 1222 3041 —-
1239 3017 1274 3058 4,
1294 3015 1355 3051 39.
1373 3035 1425 3041 —
1443 3015 1559 3058 5,11.
1575 3035 1629 3040 --
1646 3011 1680 3059 3)
1712 3014 1823 3048 Hand

328 3074 362 3110 4,
392 3083 504 3117 pagg.
535 3072 625 3112 ¹231,
658 3073 747 3107 233.
