1944 3282
302 260 360 306 16

362 379 408 427 b.
472 377 718 443 Sequitur,
773 387 828 427 ut
880 380 1167 443 sententias,
1221 381 1402 445 quibus
1453 384 1737 448 potentialis

232 457 306 506 vis
342 456 648 522 exprimitur,
686 456 1072 506 consideremus.
1132 457 1355 507 Primum
1391 477 1735 525 commemoro,

229 534 492 583 enunciata
544 534 836 583 secundaria
887 552 976 600 per
1026 535 1317 600 particulam
1361 543 1403 589 si
1436 538 1640 589 inducta
1675 558 1737 589 ex

228 611 381 660 verbo
427 611 592 676 aliquo
636 617 924 680 emperiendi,
964 618 1193 678 tentandi,
1233 613 1394 678 simiL,
1433 616 1566 680 quod
1602 617 1737 682 cogi-

230 689 433 737 'tandum
487 690 640 755 est1),
696 708 941 756 suspensa
981 690 1116 740 haud
1159 709 1269 741 raro
1310 692 1472 742 facere
1509 693 1735 743 Tacitum

228 767 365 825 (⁷⁷um
401 785 462 815 zu
499 769 793 832 versuchen,
831 769 916 830 ob3
970 768 1037 818 ist
1080 769 1210 818 wohl
1263 770 1345 818 ein
1398 770 1734 836 Gracismus'',

226 845 437 894 Heraeus
473 846 536 894 ad
568 846 698 895 Hist.
730 850 772 910 1,
796 847 892 912 31).
965 847 1296 896 Inveniuntur
1330 849 1569 899 nonnulla
1604 851 1736 916 apud

227 922 490 987 Caesarem,
543 924 790 989 permulta
825 925 958 990 apud
993 925 1191 974 Livium
1228 930 1458 991 exempla
1479 927 1529 993 2).
1601 929 1731 977 Ann.

228 1003 270 1063 1,
291 1003 355 1049 48
393 1001 613 1050 dandum
650 1003 812 1051 adhuc
849 1003 1065 1068 spatium
1100 1010 1251 1066 ratus,
1291 1004 1332 1053 si
1357 1011 1737 1058 —consulerent

225 1112 288 1118 -
313 1082 359 1141 4,
380 1082 442 1127 49
470 1080 743 1128 exercitum
779 1081 1010 1144 ostendit,
1049 1081 1091 1130 si
1115 1114 1180 1121 —
1205 1088 1437 1135 auderent
1463 1117 1530 1122 —
1557 1086 1632 1146 12,
1654 1086 1731 1132 28.

223 1189 289 1195 —
311 1159 387 1219 13,
409 1159 486 1205 40.
509 1187 573 1191 —
598 1160 860 1221 15,13.—
886 1159 1015 1210 Hist.
1055 1162 1098 1222 1,
1121 1162 1192 1207 31.
1230 1188 1292 1194 -—-
1334 1167 1377 1223 3,
1401 1162 1476 1209 52.
1516 1191 1582 1196 —
1618 1161 1735 1210 Illos

224 1234 358 1282 locos
411 1235 667 1299 congessit
717 1235 944 1301 Draeger;
999 1237 1230 1286 addatur:
1287 1237 1416 1286 Hist.
1457 1241 1500 1302 3,
1524 1241 1586 1288 30
1628 1240 1732 1304 rapi

223 1312 370 1376 ignes
394 1312 643 1362 Antonius
679 1313 947 1379 inferrique
983 1344 1050 1350 —
1075 1315 1235 1380 jubet,
1274 1315 1315 1364 si
1353 1315 1534 1365 damno
1570 1334 1735 1365 rerum

224 1407 423 1438 suarum
467 1390 831 1440 Cremonenses
874 1392 938 1441 ad
974 1393 1264 1441 mutandam
1299 1393 1449 1441 fidem
1493 1400 1736 1446 traheren-

223 1482 314 1520 tur.
340 1497 405 1504 ·—
432 1468 545 1518 Alia
580 1470 685 1518 haec
722 1478 1075 1519 enumerantur
1110 1472 1414 1536 conjunctivi
1450 1472 1734 1537 potentialis

222 1546 450 1611 exempla
470 1549 530 1607 3):
574 1548 704 1596 Ann.
745 1550 839 1611 2,4
875 1549 974 1612 ubi,
1015 1549 1055 1597 si
1091 1556 1260 1598 nostra
1295 1550 1345 1597 vi
1383 1554 1731 1618 defenderetur,

222 1624 406 1672 bellum
442 1625 683 1674 adversus
720 1626 928 1675 Parthos
966 1628 1263 1676 sumendum
1299 1635 1404 1676 erat
1436 1657 1502 1664 —
1526 1631 1571 1692 2,
1591 1631 1654 1680 30
1692 1629 1733 1677 si

222 1702 417 1752 mollius
455 1709 707 1772 acciperes,
746 1705 1028 1754 miseranda
1064 1735 1125 1741 —-
1164 1708 1276 1768 2,52
1317 1706 1358 1754 si
1394 1740 1460 1746 —-
1495 1720 1733 1774 spectares

221 1811 298 1828 —.
338 1785 570 1832 Fortasse
606 1784 702 1831 huc
727 1783 1041 1832 referendum
1078 1791 1175 1832 est:
1214 1787 1258 1847 2,
1283 1786 1344 1832 63
1382 1785 1731 1847 Maroboduus,

223 1859 262 1906 si
301 1860 498 1923 quando
533 1865 865 1913 insolescerent
906 1861 1072 1927 Suebi,
1110 1862 1251 1926 quasi
1286 1862 1535 1911 rediturus
1570 1863 1623 1910 in
1659 1881 1734 1910 re-

220 1955 377 2001 gnum
422 1938 762 1987 ostentabatur
789 1958 875 1999 ——3
916 1941 1043 2002 3,13
1083 1939 1215 2004 quod
1251 1957 1413 2004 neque
1450 1940 1731 1989 convictum

222 2032 363 2062 noxae
398 2033 496 2075 reo,
545 2015 586 2064 si
622 2016 895 2065 recentiora
943 2030 1200 2085 purgyaret,
1255 2035 1417 2082 neque
1472 2018 1730 2066 defensum

221 2092 516 2141 absolutioni
542 2102 658 2156 erat,
688 2094 728 2141 si
771 2107 1004 2146 teneretur
1040 2094 1308 2159 majoribus
1333 2095 1536 2160 flagitiis
1563 2096 1732 2160 (parti-

221 2170 349 2235 cipia
391 2175 658 2239 defensum,
706 2178 967 2224 eonvz'ctmn
1003 2173 1138 2221 vices
1175 2173 1519 2222 enunciatonis
1556 2191 1731 2222 secun-

221 2248 370 2296 dariae
406 2249 759 2297 condicionalis
797 2258 1077 2298 sustentant
1088 2253 1141 2312 4).
1179 2280 1243 2285 -
1279 2253 1324 2314 4,
1348 2253 1390 2300 6.
1414 2283 1477 2290 —-
1502 2253 1578 2313 12,
1603 2254 1643 2299 7.
1667 2285 1730 2290 —

224 2328 298 2384 13,
322 2328 397 2374 39.
437 2356 502 2362 -
539 2329 598 2374 41
638 2345 729 2375 nec
766 2327 818 2375 id
854 2327 998 2376 nobis
1035 2328 1214 2376 virium
1251 2336 1367 2392 erat,
1406 2329 1539 2394 quod
1565 2358 1632 2365 —
1657 2329 1730 2377 di-

222 2403 484 2467 videretur,
521 2405 602 2452 vel
640 2405 680 2453 si
711 2405 907 2470 integra
932 2413 981 2454 et
1010 2406 1312 2456 incustodita
1336 2412 1727 2476 relinquerentur,

219 2481 353 2529 nulla
388 2481 440 2528 in
476 2499 533 2530 eo
569 2482 754 2531 utilitas
799 2492 882 2531 aut
923 2483 1081 2548 gloria
1118 2514 1180 2518 —
1217 2483 1347 2532 Hist.
1389 2486 1432 2547 3,
1456 2486 1518 2535 34
1555 2484 1596 2533 si
1634 2502 1729 2549 qua

219 2559 313 2608 alia
349 2560 426 2608 vis
458 2564 661 2612 irrueret
698 2561 803 2626 (pro
839 2561 1019 2626 futuro)
1047 2591 1112 2597 —
1141 2564 1213 2614 72,
1243 2596 1308 2601 -
1335 2565 1380 2625 4,
1404 2565 1446 2611 6.
1476 2592 1539 2597 -—
1566 2565 1643 2610 42.
1663 2597 1729 2602 -

900 2743 918 2774 3
953 2745 1042 2789 136,
1075 2756 1158 2779 ann.
1193 2746 1236 2786 43
1266 2745 1430 2788 Madvig.
1463 2742 1727 2788 §451‚d.—

335 2739 366 2786 1)
399 2743 465 2777 Cfr
495 2744 864 2779 Lattm.—Miiller.
898 2760 915 2789 5

221 2794 254 2841 ¹3)
288 2799 486 2833 K'CHNAST.
518 2811 602 2843 pag.
635 2799 725 2834 243.
751 2818 805 2823 —
831 2800 899 2834 Sti]
931 2800 965 2834 d.
999 2800 1086 2834 Tac.
1119 2799 1139 2842 ξ
1174 2800 1262 2834 193.
1284 2818 1339 2824 --
1374 2800 1431 2834 cfr
1462 2800 1573 2833 etiam
1603 2799 1726 2833 Bofiw-

222 2863 371 2888 ΤΙΟΗΕΒ.
403 2855 493 2887 Lex.
526 2854 613 2888 Tac.
645 2866 731 2898 pag.
767 2856 857 2888 114.
880 2873 933 2878 —-
963 2849 997 2897 3)
1029 2855 1084 2889 De
1115 2854 1310 2899 potentiali
1341 2855 1378 2888 vi
1403 2854 1602 2898 praeteritis
1633 2858 1725 2888 tem·

221 2909 370 2953 poribus
402 2920 576 2952 expressa
606 2909 709 2943 vide:
743 2910 1008 2943 AUTENROETH.
1038 2920 1123 2954 pag.
1158 2910 1221 2944 21.
1253 2927 1306 2932 —
1338 2905 1372 2952 4)
1403 2909 1604 2953 Participia
1625 2909 1725 2943 nullo

222 2964 292 2998 alio
323 2965 403 2998 loco
434 2965 487 2998 sic
519 2976 537 2997 a
569 2964 698 2999 Tacito
729 2966 896 3009 usurpari
929 2965 1121 2999 contendit
1151 2965 1304 3010 Draeger
1336 2963 1472 3008 (Anu).
1507 2983 1558 2988 —
