1944 3282
1546 177 1602 222 11

167 296 337 346 Gallos
390 294 669 344 confectum
716 294 824 358 (int.
864 296 961 357 est)
997 324 1052 330 —
1090 297 1253 358 14,14
1288 303 1344 343 ut
1379 303 1457 344 est
1490 295 1674 360 vulgus

166 374 372 440 cupiens
421 372 752 437 voluptatum,
806 378 857 421 et
909 372 951 421 si
993 372 1168 421 eodem
1212 373 1446 438 princeps
1498 379 1673 436 trahat,

166 453 335 500 laetum
368 480 424 487 —
458 452 524 498 44
575 450 706 498 servi
760 449 847 514 sil)
882 456 1119 518 prodant,
1173 469 1441 516 possumus
1489 450 1675 515 singuli

166 531 296 578 inter
343 528 532 594 plures,
569 527 662 576 tuti
697 527 828 576 inter
863 528 1053 592 anxios,
1090 535 1357 593 postremo,
1396 528 1438 577 si
1466 550 1676 597 pereun-

169 614 284 661 dum
319 612 394 670 sit,
430 623 532 654 non
580 605 725 653 inulti
777 606 908 655 inter
958 613 1197 655 nocentes
1249 607 1416 671 ageress
1451 637 1507 643 —
1542 606 1672 655 Hist.

172 687 290 749 1,16
327 683 595 750 adoptandi
622 683 871 749 judicium
907 685 1173 750 integrum,
1195 691 1245 733 et
1269 684 1309 733 si
1335 689 1450 737 velis
1474 684 1674 749 eligere,

168 780 416 813 consensu
467 768 771 810 monstratur
810 792 866 798 —
910 765 972 811 83
1027 781 1159 828 saepe
1217 763 1453 812 honestas
1512 780 1676 811 rerum

168 858 358 904 causas,
395 840 447 888 ni
474 839 721 905 judicium
759 845 1002 906 adhibeas,
1056 840 1323 907 perniciosi
1360 840 1524 889 exitus
1561 858 1677 889 con-

170 926 405 968 secuntur
433 936 510 979 —3
565 917 630 981 si,
675 935 762 966 cur
787 918 1074 983 jubeantur,
1112 936 1332 984 quaerere
1371 918 1584 983 singulis
1620 923 1677 970 Ζί-

170 1010 283 1060 ceat,
320 1002 559 1061 pereunte
596 995 835 1060 obsequio
871 996 1020 1045 etiam
1055 997 1319 1062 imperium
1348 996 1601 1045 intercidit
1622 1026 1678 1032 —

171 1077 214 1138 3,
237 1076 298 1122 36
351 1074 537 1138 ignava
591 1073 837 1138 animalia,
892 1074 1074 1140 quibus
1127 1075 1170 1124 si
1223 1075 1388 1124 cibum
1431 1096 1676 1143 sufferas,

160 1153 332 1218 jacent
382 1158 678 1217 torpentque
730 1182 786 1187 —
839 1154 900 1201 86
946 1152 1237 1218 simplicitas
1284 1170 1341 1201 ac
1392 1152 1676 1214 liberalitas,

170 1248 299 1295 quae,
336 1230 389 1278 ni
425 1234 555 1282 adsit
590 1230 790 1294 modus,
827 1230 881 1278 in
917 1230 1123 1279 exitium
1159 1237 1421 1279 vertuntur
1455 1260 1511 1266 —-
1546 1233 1592 1294 4,
1616 1233 1678 1278 64

170 1307 319 1356 etiam
369 1308 473 1356 fera
524 1308 770 1371 animalia,
826 1308 868 1357 si
905 1308 1072 1357 clausa
1108 1322 1283 1372 teneaS,
1322 1308 1520 1357 virtutis
1557 1308 1678 1357 obli-

169 1386 502 1435 viscuntur—
522 1388 566 1449 5,
587 1388 614 1434 6
653 1385 695 1434 si
730 1386 833 1434 Vim
862 1386 979 1435 ferri
1016 1391 1259 1451 adhibeas,
1297 1393 1484 1452 pavent
1518 1403 1674 1435 venae.

169 1493 224 1500 —
259 1463 319 1512 Gr.
362 1466 388 1511 7
428 1464 581 1512 duces
634 1464 864 1529 exemplo
916 1464 1096 1530 potius,
1152 1483 1300 1529 quam
1352 1464 1581 1529 imperio,
1637 1464 1678 1513 si

169 1542 398 1608 prompti,
437 1542 479 1591 si
515 1542 785 1607 conspicui,
823 1542 865 1591 si
902 1549 1016 1591 ante
1069 1542 1226 1591 aciem
1269 1556 1430 1610 ayant,
1468 1542 1679 1591 admira-

168 1620 302 1669 tione
338 1628 562 1685 praesunt
597 1649 661 1656 —
701 1622 763 1669 10
799 1620 841 1668 si
877 1620 1074 1685 publice
1111 1625 1416 1684 consultetur,
1447 1620 1679 1669 sacerdos

172 1697 409 1761 civitatis,
467 1697 545 1746 sin
596 1698 828 1763 privatim
888 1698 997 1764 ipse
1048 1698 1390 1763 paterfamiliae
1442 1728 1497 1734 —
1554 1698 1681 1747 tollit

173 1775 358 1840 (Orelli,
379 1775 537 1839 Kritz,
559 1776 879 1825 Baumstark:
917 1777 1235 1839 consuletur.)
1255 1806 1310 1811 ——
1326 1779 1386 1824 13
1409 1777 1460 1825 id
1480 1795 1677 1839 nomen,

172 1872 230 1903 ea
253 1854 412 1919 gloria
436 1861 526 1917 est,
554 1854 595 1902 si
621 1871 829 1903 numero
865 1872 922 1903 ac
957 1854 1141 1903 Virtute
1177 1855 1440 1926 comitatus
1477 1859 1681 1907 emineat

173 1962 227 1968 -
264 1934 327 1980 14
360 1932 401 1981 si
437 1932 613 1981 civitas
648 1962 703 1968 —
737 1949 860 1997 pace
896 1939 946 1981 et
981 1932 1080 1981 otio
1125 1946 1324 2001 torpeat,
1368 1932 1591 1997 plerique
1627 1962 1681 1968 —

172 2017 348 2075 petunt
381 2040 448 2047 —
486 2013 545 2058 17
583 2010 844 2075 Tegumen
880 2011 1112 2060 omnibus
1155 2029 1333 2076 sagum
1377 2010 1529 2059 fibula
1581 2018 1678 2073 aut,

175 2088 215 2136 si
253 2094 387 2152 desit,
426 2089 570 2154 spina
604 2096 889 2138 consertum
923 2119 982 2124 —
1013 2092 1074 2137 35
1110 2096 1340 2154 prompta
1373 2096 1541 2138 tamen
1578 2106 1681 2137 om-

174 2165 322 2214 nibus
366 2184 503 2215 arma
543 2184 620 2230 ac,
660 2167 701 2216 si
737 2185 817 2216 res
845 2181 1036 2236 poscat,
1073 2167 1322 2216 exercitus
1356 2197 1412 2202 —-
1449 2169 1510 2214 37
1550 2166 1589 2215 si
1626 2196 1681 2202 ——

176 2257 513 2310 computemus,
549 2274 606 2279 —
641 2245 955 2310 colliguntur.
982 2275 1038 2281 —-
1062 2247 1128 2294 40
1163 2244 1448 2293 vehiculum
1485 2251 1536 2293 et
1569 2261 1681 2292 ves-

174 2330 251 2370 tes
287 2329 349 2384 et,
388 2322 429 2370 si
466 2323 667 2371 credere
703 2328 831 2387 velis,
870 2341 1055 2372 numen
1108 2323 1273 2388 ipsum
1328 2329 1517 2371 secreto
1570 2322 1677 2371 lacu

176 2399 391 2448 abluitur
424 2429 479 2434 —
513 2402 577 2448 45
616 2400 658 2448 si
692 2407 921 2449 naturam
958 2401 1117 2449 sucini
1154 2401 1352 2450 admoto
1388 2400 1495 2465 igni
1533 2413 1680 2468 temp-

178 2492 256 2537 tes,
312 2478 599 2526 accenditur
632 2507 688 2513 —-
721 2478 843 2542 Agr.
886 2481 946 2526 13
982 2478 1078 2542 ipsi
1124 2478 1349 2527 Britanni
1384 2507 1440 2513 —
1475 2495 1681 2525 munera

176 2554 388 2619 impigre
440 2556 638 2619 obeunt,
693 2555 733 2604 si
778 2555 970 2620 injuriae
1007 2556 1206 2619 abstnff)
1241 2586 1297 2591 —
1332 2555 1390 2604 D.
1431 2558 1457 2604 9
1497 2563 1681 2620 quanto

291 2678 320 2730 ¹)
351 2681 506 2727 Madvig
536 2681 639 2726 (vide
668 2681 890 2716 Adversaria
919 2681 1046 2716 critica
1078 2681 1129 2725 II⁷
1160 2693 1244 2727 pag.
1276 2682 1373 2727 554)
1405 2682 1434 2717 si
1465 2683 1503 2716 in
1535 2684 1574 2718 ni
1602 2693 1682 2715 mu-

176 2737 291 2780 tavit3
335 2738 481 2783 »agitur
516 2737 561 2772 de
597 2737 773 2772 cavendis
803 2749 990 2772 servorum
1021 2738 1308 2782 proditionibus,
1338 2751 1413 2773 non
1444 2738 1489 2772 de
1519 2742 1680 2772 contem-

177 2793 349 2837 nendis»;
395 2793 504 2828 etiam
536 2795 573 2836 4,
593 2794 642 2829 28
673 2793 801 2828 Tacito
832 2796 871 2830 722'
900 2805 966 2839 pro
998 2794 1027 2828 si
1058 2793 1228 2829 reddidit.
1259 2814 1312 2819 —
1343 2790 1378 2840 2)
1410 2794 1529 2828 Kffl'rz
1566 2794 1610 2828 ad
1647 2793 1682 2827 11.

176 2849 218 2883 l.:
262 2849 524 2894 »conjunctivo
561 2849 793 2895 significatur
827 2849 1046 2894 injuriarum
1086 2850 1290 2884 absentiam
1320 2850 1428 2885 valde
1458 2849 1608 2885 dubiam
1640 2861 1681 2884 ac

178 2916 294 2939 raram
323 2905 472 2940 fuisse.»
