1944 3282
396 295 458 342 26

327 415 512 463 mentio
565 414 693 462 facta
745 420 833 462 est.
906 413 1050 472 Quod
1102 414 1281 462 docent
1333 412 1651 462 Grammatici
1704 433 1826 480 prae-

323 500 475 541 eunte
516 491 704 555 Livio1)
742 490 1040 539 recentiores
1076 509 1240 539 rerum
1275 497 1528 554 gestarum
1566 492 1826 556 scriptores

328 573 620 637 conjunctivo
657 568 1126 633 plusquamperfecti
1161 586 1250 633 pro
1282 568 1550 616 indicativo
1575 569 1646 616 uti
1672 570 1825 618 solere

328 647 462 711 (>)der
497 646 781 710 conjunctiv
818 646 989 694 schien
1024 664 1118 693 nur
1153 645 1281 694 noch
1307 645 1578 694 deutlicher
1603 646 1827 695 bezeich-

328 741 442 785 nen,
481 724 598 772 dass
635 723 714 771 die
750 724 974 772 iterative
1001 723 1300 787 Bedeutung
1335 723 1423 771 des
1458 723 1723 788 Imperfect
1747 725 1835 772 auf

324 802 412 849 ihn
465 801 764 865 ubertiagen
818 801 1018 849 werden
1074 802 1255 866 solle)>),
1310 801 1362 848 in
1414 801 1638 849 Tacitum
1681 801 1825 865 plane

323 896 426 926 non
461 878 605 940 valet,
644 878 740 926 nisi
776 878 827 926 in
864 879 1291 930 enunciationibus
1317 897 1432 927 vere
1458 879 1823 943 temporalibus,

323 964 375 1004 et
398 963 503 1004 tum
529 974 660 1021 saepe
697 956 924 1021 exempla
954 957 1210 1005 indicativi
1243 964 1506 1005 occurrunt
1541 957 1675 1020 (vide
1719 975 1826 1021 quae

324 1051 474 1098 supra
517 1033 577 1081 de
631 1052 724 1081 usu
777 1034 1033 1083 modorum
1070 1042 1183 1099 post
1217 1034 1507 1099 particulam
1543 1039 1621 1085 ubi
1654 1042 1827 1099 praete-

324 1118 524 1159 reuntes
549 1112 914 1175 exposuimus):
952 1112 1083 1160 Ann.
1115 1115 1157 1176 1,
1182 1115 1241 1160 32
1279 1120 1328 1160 et
1364 1112 1405 1161 si
1442 1130 1535 1177 qua
1574 1112 1669 1160 alia-
1703 1130 1825 1177 prae-

324 1206 440 1236 sens
493 1206 614 1236 usus
656 1193 919 1250 indioeerat,
955 1190 1050 1254 ipsi
1083 1195 1426 1257 partiebantur
1459 1224 1525 1229 —
1561 1193 1625 1238 44
1662 1190 1703 1238 si
1739 1208 1825 1238 no-

323 1274 518 1314 centem
571 1270 976 1329 adclamaverant,
1029 1285 1251 1332 praeceps
1288 1268 1432 1316 datus
1476 1273 1826 1328 trucidabatur;

320 1343 364 1392 si
417 1343 617 1406 tribuni,
673 1344 714 1392 si
758 1344 889 1408 legio
931 1345 1227 1394 industriam
1269 1345 1701 1410 innocentiamque
1738 1350 1826 1398 ad-

318 1425 657 1488 probaverunt,
696 1426 922 1473 retinebat
958 1422 1182 1471 ordinem
1219 1424 1483 1488 (sequitur:
1538 1423 1623 1471 ubi
1668 1424 1824 1472 avari-

321 1498 441 1546 tiam
477 1505 562 1546 aut
597 1499 937 1548 crudelitatem
974 1518 1221 1549 consensu
1266 1506 1628 1569 objectavissent,
1668 1500 1825 1548 solve-

321 1575 467 1624 batur
501 1575 676 1624 militia
689 1578 763 1641 2).)
803 1607 865 1612 —
901 1577 1031 1626 Hist.
1073 1581 1116 1641 3,
1137 1581 1198 1625 83
1238 1579 1487 1643 (quotiens
1522 1596 1637 1642 pars
1673 1578 1825 1626 altera

319 1657 611 1716 inclinasset,
650 1654 845 1703 abditos
881 1655 933 1703 in
968 1655 1208 1719 tabernis)
1246 1663 1331 1704 aut
1367 1655 1405 1704 si
1445 1673 1591 1719 quam
1645 1656 1697 1703 in
1739 1655 1824 1703 do·

319 1749 457 1778 mum
519 1735 857 1799 perfuyerant,
911 1732 1016 1780 erui
1060 1733 1379 1798 jugularique
1451 1732 1823 1798 expostulantes

320 1817 458 1874 parte
512 1809 695 1873 majore
750 1810 929 1874 praedae
982 1811 1297 1875 potiebantur
1338 1840 1403 1847 -
1439 1812 1569 1859 Ann.
1610 1813 1655 1873 4,
1677 1812 1738 1857 63
1775 1818 1825 1858 et

317 1904 453 1952 saepe
506 1895 777 1951 certamen,
826 1888 866 1936 si
909 1888 1158 1937 confusior
1200 1889 1350 1937 facies
1387 1920 1450 1923 —
1487 1906 1701 1937 errorem
1737 1888 1823 1937 ad-

315 1965 679 2029 gnoscentibus
705 1969 889 2030 fecerat
923 1995 990 2001 —
1027 1969 1069 2029 6,
1092 1969 1152 2014 21
1193 1974 1242 2014 et
1277 1966 1656 2031 regredientem,
1696 1965 1737 2014 si
1760 1995 1821 2000 —

316 2043 537 2107 suspicio
589 2046 856 2105 incesserat,
893 2043 945 2091 in
981 2043 1257 2108 subjectum
1295 2061 1428 2092 mare
1470 2048 1820 2110 praecipitabat.

317 2148 386 2154 —
409 2119 539 2168 Hist.
567 2123 612 2182 2,
635 2123 699 2168 94
735 2121 777 2169 si
812 2121 881 2170 ita
916 2125 1163 2175 maluerat,
1195 2122 1395 2170 urbanae
1432 2121 1601 2169 militae
1637 2125 1822 2172 adscri-

320 2202 528 2248 bebatur.
552 2228 615 2232 —
638 2197 802 2246 Semel
821 2215 934 2246 cum
959 2203 1185 2264 infinitivo
1210 2204 1429 2251 historico
1454 2198 1602 2247 indic.
1624 2198 1817 2263 plusqu.

319 2275 613 2339 conjunctus
662 2282 760 2324 est:
832 2275 961 2324 Hist.
1015 2279 1109 2339 4,1
1165 2277 1204 2325 si
1266 2295 1413 2341 quem
1466 2289 1818 2343 conspexerant,

318 2357 617 2404 obtruncare.

453 2429 760 2478 Indicativus
796 2429 990 2495 plusqu.
1031 2431 1083 2478 in
1118 2431 1324 2496 protasi,
1364 2431 1566 2495 perfecti
1607 2431 1659 2479 in
1704 2449 1819 2496 apo-

317 2506 451 2555 dosi:
506 2508 637 2556 Ann.
681 2510 756 2570 13,
779 2510 840 2555 33
886 2508 927 2556 si
981 2526 1104 2573 quos
1156 2508 1369 2557 imbellis
1424 2526 1574 2557 sexus
1610 2538 1673 2543 —
1710 2508 1819 2557 atti-

433 2619 465 2667 l)
499 2624 534 2668 8,
555 2625 591 2659 8.
651 2624 690 2659 Si
727 2625 824 2670 apud
867 2625 1054 2670 principes
1085 2637 1230 2670 quoque
1260 2625 1357 2659 haud
1395 2625 1485 2659 satis
1522 2635 1697 2669 prospere
1728 2629 1820 2659 esset

313 2684 536 2726 puynatum,
567 2691 588 2714 a
617 2680 736 2725 prima
766 2681 842 2715 acie
874 2681 918 2715 ad
948 2681 1095 2715 triarios
1125 2681 1262 2715 sensim
1293 2679 1542 2727 referebatur.
1563 2698 1617 2704 —-
1638 2675 1673 2722 2)
1705 2679 1818 2713 »Deru

318 2735 644 2769 naehklassischen
666 2735 838 2780 Principe
860 2736 923 2770 der
945 2736 1189 2770 stilistischen
1212 2736 1511 2781 Abweehselung
1532 2734 1815 2780 entsprechend‚

317 2789 419 2834 folgt
438 2790 517 2824 hier
547 2791 612 2825 auf
641 2792 674 2826 si
702 2791 771 2825 mit
792 2792 874 2826 dem
895 2792 976 2826 Ind.
998 2790 1061 2826 ubi
1090 2792 1158 2825 mit
1188 2792 1271 2826 dem
1302 2791 1400 2836 conj.
1429 2791 1492 2825 der
1513 2789 1815 2833 NViederholung.

316 2844 387 2878 cfr
421 2847 481 2889 11,
501 2846 565 2880 28.
596 2865 652 2869 —
682 2847 824 2890 4‚17».
898 2848 1062 2891 Draeger,
1096 2845 1232 2889 (Ann.)
1264 2865 1318 2869 —
1349 2846 1466 2885 Quum
1512 2844 1707 2879 sententiae
1753 2856 1817 2888 per

316 2901 352 2934 sz'
382 2917 435 2923 -——
472 2899 534 2934 ubi
566 2899 753 2947 (quotiens
783 2900 868 2938 tal.)
899 2902 1060 2935 induetae
1090 2904 1371 2945 componuntur,
1404 2911 1603 2945 numquam
1635 2900 1817 2934 contraria

316 2955 360 2988 fit
391 2955 484 2989 ratio
515 2956 578 2999 ita,
617 2959 659 2989 ut
694 2959 781 3000 post
825 2957 859 2991 si
902 2959 1060 3001 ponatur
1104 2956 1306 3000 conjunct„
1357 2960 1443 3000 post
1488 2955 1549 2990 ubi
1591 2954 1818 2990 indicativus

313 3011 471 3057 plusqu.
