1944 3282
373 309 435 354 22

305 429 584 494 Agrippina
617 430 966 494 prohibuisset,
1004 437 1163 491 erant,
1202 429 1285 493 qui
1323 434 1552 480 auderent
1581 459 1636 464 m
1670 429 1798 478 Hist.

307 510 350 568 3,
373 509 431 555 81
471 525 561 555 nec
600 507 824 571 deerant,
870 508 953 573 qui
989 512 1314 576 propellerent
1358 511 1799 575 proculcarentque,

306 585 355 631 ni
381 585 715 635 —omisisset
752 586 813 651 (4,
839 589 897 633 13
936 585 1184 634 excidium
1221 590 1521 647 adventabat,
1562 584 1602 632 si
1638 584 1802 632 redin—

305 670 552 727 tegratum
588 663 793 726 bellum)
829 691 895 699 —-
929 665 1059 711 Ann.
1101 666 1146 724 2,
1171 665 1233 710 45
1268 666 1596 729 praepollebat,
1634 662 1686 709 ni
1721 662 1802 709 In-

305 741 591 805 guiomerus
615 774 681 780 -—
705 741 1007 806 perfugisset
1031 773 1095 779 -
1119 742 1164 801 4,
1188 742 1250 787 64
1287 739 1585 804 feralemque
1618 758 1803 788 annum

294 822 528 885 ferebant,
567 818 617 866 ni
644 818 811 867 Caesar
835 818 1033 867 obviam
1057 818 1180 866 isset
1204 852 1267 858 -
1294 820 1337 879 6,
1360 820 1388 864 3
1415 835 1663 865 summum
1689 835 1803 882 sup-

305 896 506 961 plicium
543 901 892 959 decernebatur,
930 897 981 944 ni
1017 896 1269 961 professus
1305 895 1543 943 indicium
1580 894 1716 943 foret.

438 974 568 1021 Ann.
607 976 738 1035 2,10
774 991 836 1022 ne
871 973 1074 1022 flumine
1128 974 1328 1038 quidem
1370 973 1626 1038 interjecto
1679 977 1804 1025 colti-

305 1057 545 1114 bebantur‚
600 1052 652 1099 ni
707 1051 970 1100 Stertinius
1005 1082 1070 1086 ——-
1105 1051 1402 1100 adtinuisset
1436 1084 1501 1092 -
1539 1053 1582 1112 6,
1606 1053 1666 1098 36
1712 1068 1801 1098 nec

305 1129 416 1178 ideo
453 1135 742 1191 abscedebat,
780 1130 831 1176 ni
855 1156 922 1165 -—
945 1130 1145 1178 fecisset
1169 1159 1231 1164 —-
1260 1131 1334 1190 12,
1357 1131 1416 1176 39
1456 1145 1546 1176 nec
1582 1128 1694 1176 ideo
1731 1127 1803 1175 fu—

304 1225 420 1271 gam
445 1212 649 1270 sistebat,
676 1207 726 1254 ni
762 1206 985 1271 legiones
1010 1208 1336 1272 excepissent.
1393 1206 1479 1254 Cfr
1503 1206 1632 1254 Hist.
1657 1208 1701 1268 4,
1727 1207 1800 1253 15.

437 1302 478 1335 c.
516 1284 736 1333 Tertium
778 1302 940 1348 genus
977 1292 1054 1333 est
1087 1303 1270 1347 eorum,
1309 1302 1419 1349 quae
1471 1284 1657 1332 habent
1707 1283 1802 1331 tale

304 1363 659 1428 imperfectum,
719 1363 851 1427 quod
909 1362 1104 1427 proprie
1164 1362 1436 1427 appellatur
1488 1361 1549 1409 de
1602 1369 1801 1417 conatu;

304 1441 490 1506 ellipsis
526 1441 594 1489 ita
630 1441 927 1505 cogitatione
965 1440 1243 1505 suppletur,
1297 1447 1351 1487 ut
1390 1439 1545 1487 forma
1581 1439 1802 1503 ejusdem

303 1519 441 1568 verbi
477 1519 530 1566 in
567 1524 794 1585 conjunct.
813 1523 1009 1587 ptusqu,
1047 1525 1276 1566 mutetur.
1338 1517 1665 1565 Praedicatum
1703 1516 1803 1580 sig-

304 1596 636 1645 nificationem
672 1601 911 1659 movendi,
957 1601 1100 1648 eundi
1133 1596 1295 1644 habet.
1369 1596 1498 1642 Ann.
1541 1597 1583 1656 1,
1607 1596 1668 1642 35
1706 1594 1803 1642 fer-

304 1692 413 1721 rum
450 1678 690 1741 deferebat
724 1673 777 1721 in
811 1680 985 1738 pectus
1024 1673 1134 1737 (int:
1192 1680 1241 1721 et
1277 1673 1568 1736 detulisset),
1606 1672 1656 1719 ni
1694 1690 1804 1736 pro-

304 1751 424 1799 ximi
459 1769 691 1816 prensam
728 1751 953 1799 dextram
989 1751 1039 1798 vi
1076 1750 1408 1799 adtinuissent
1442 1784 1508 1789 —
1545 1752 1606 1797 63
1644 1754 1803 1801 trude-

303 1835 560 1898 banturque
594 1829 648 1876 in
683 1828 929 1893 paludem,
967 1857 1033 1864 —
1068 1829 1119 1876 ni
1162 1828 1329 1876 Caesar
1372 1827 1638 1892 productas
1681 1827 1804 1891 legi-

304 1925 424 1956 ones
460 1907 779 1955 instruxisset
815 1940 878 1947 —
916 1909 976 1954 65
1026 1910 1488 1968 circumveniebatur,
1542 1905 1594 1953 ni
1646 1905 1802 1969 prima

302 1984 433 2049 legio
483 2002 593 2033 sese
646 1984 959 2049 opposuisset
995 2014 1058 2019 -—
1096 1986 1225 2046 3,14
1261 1983 1552 2048 effigiesque
1608 1983 1803 2032 Pisonis

301 2070 555 2110 traxerant
589 2063 642 2110 in
677 2062 948 2111 Gemonias
984 2080 1039 2111 ac
1079 2066 1374 2123 divellebant,
1406 2061 1455 2108 ni
1483 2091 1546 2096 —
1571 2068 1802 2125 protectae

303 2139 628 2204 repositaeque
666 2141 826 2189 forent
859 2170 925 2176 —
960 2143 1005 2203 4,
1029 2143 1091 2188 30
1133 2145 1374 2207 ibaturque
1422 2139 1474 2186 in
1527 2157 1637 2187 eam
1691 2156 1803 2187 sen-

303 2217 528 2280 tentiam,
574 2218 625 2265 ni
663 2248 724 2253 —
762 2226 1063 2282 conquestus
1100 2226 1232 2266 esset
1266 2246 1332 2252 —
1370 2219 1445 2279 16,
1469 2219 1529 2264 32
1569 2216 1717 2265 simul
1752 2216 1803 2264 in

303 2295 560 2360 amplexus
611 2297 913 2344 occurrentis
966 2296 1079 2343 filiae
1131 2300 1315 2354 ruebat,
1367 2294 1463 2342 nisi
1506 2325 1569 2329 -——
1614 2294 1802 2343 Seneca

303 2372 655 2422 admonuisset.
684 2403 748 2410 —
774 2373 858 2422 Ofi·
881 2374 933 2422 in
959 2391 1202 2438 suspensa
1226 2372 1465 2421 oratione:
1492 2372 1622 2419 Ann.
1648 2374 1723 2432 14,
1740 2373 1800 2419 55

302 2457 358 2498 ut
392 2456 570 2503 labaret
603 2451 857 2514 indicium,
891 2451 987 2499 nisi
1012 2451 1268 2498 Milichum
1304 2468 1430 2498 uxor
1464 2448 1804 2498 admonuisset

303 2558 365 2563 ——
405 2531 567 2591 16,14
603 2529 739 2592 adeo,
784 2537 839 2577 ut
880 2535 1231 2577 testamentum
1275 2527 1423 2576 Antei
1467 2545 1612 2576 nemo
1656 2531 1802 2592 obsia-

302 2619 457 2667 naret‚
501 2606 595 2654 nisi
633 2607 910 2671 Tigellinus
946 2614 1115 2655 auctor
1151 2605 1426 2654 exstitisset
1449 2624 1534 2665 -w3
1594 2606 1715 2669 Agr.
1755 2607 1798 2651 4.

303 2713 367 2718 -—
394 2685 470 2745 13,
497 2684 558 2732 de
584 2684 764 2748 quibus
788 2684 908 2733 locis
933 2691 1105 2749 postea
1130 2683 1418 2748 diligentius
1456 2681 1798 2746 disputabitur.

435 2761 823 2826 Nonnumquam
858 2761 910 2808 in
952 2761 1156 2826 apodosi
1199 2764 1486 2812 indicativus
1523 2767 1801 2826 plusquam-

295 2842 497 2905 perfecti
519 2846 798 2902 usurpatur,
826 2856 978 2902 quum
1011 2838 1137 2886 actio
1162 2836 1406 2901 primariae
1442 2835 1801 2884 enunciationis

303 2923 555 2979 tamquam
582 2915 688 2979 jam
725 2915 851 2962 facta
887 2915 1070 2978 majore
1107 2913 1317 2978 quodam
1360 2912 1531 2977 vigore
1568 2912 1801 2960 enuncia-

303 3001 396 3053 tur,
451 2992 539 3040 sed
592 3010 701 3041 eam
752 2991 815 3040 ad
858 2998 1091 3040 eventum
1135 3009 1234 3040 non
1286 2990 1572 3054 perductam
1627 3007 1737 3038 esse
1775 3008 1801 3038 e
