<?xml version="1.0" encoding="UTF-8"?>
<!DOCTYPE html PUBLIC "-//W3C//DTD XHTML 1.0 Transitional//EN"
    "http://www.w3.org/TR/xhtml1/DTD/xhtml1-transitional.dtd">
<html xmlns="http://www.w3.org/1999/xhtml" xml:lang="en" lang="en">
 <head>
  <title>
</title>
<meta http-equiv="Content-Type" content="text/html;charset=utf-8" />
  <meta name='ocr-system' content='tesseract 3.04.00' />
  <meta name='ocr-capabilities' content='ocr_page ocr_carea ocr_par ocr_line ocrx_word'/>
</head>
<body>
  <div class='ocr_page' id='page_1' title='image "./deformisenunciat00klinuoft_0042.png"; bbox 0 0 1944 3282; ppageno 0'>
   <div class='ocr_carea' id='block_1_1' title="bbox 396 340 459 385">
    <p class='ocr_par' dir='ltr' id='par_1_1' title="bbox 396 340 459 385">
     <span class='ocr_line' id='line_1_1' title="bbox 396 340 459 385; baseline -0.016 0"><span class='ocrx_word' id='word_1_1' title='bbox 396 340 459 385; x_wconf 76' lang='lat'>42</span> 
     </span>
    </p>
   </div>
   <div class='ocr_carea' id='block_1_2' title="bbox 332 455 1823 522">
    <p class='ocr_par' dir='ltr' id='par_1_2' title="bbox 332 455 1823 522">
     <span class='ocr_line' id='line_1_2' title="bbox 332 455 1823 522; baseline 0 -17"><span class='ocrx_word' id='word_1_2' title='bbox 332 460 407 521; x_wconf 84' lang='lat'>13,</span> <span class='ocrx_word' id='word_1_3' title='bbox 429 460 507 506; x_wconf 74' lang='lat'>21.</span> <span class='ocrx_word' id='word_1_4' title='bbox 535 476 611 519; x_wconf 84' lang='lat'>—3</span> <span class='ocrx_word' id='word_1_5' title='bbox 648 457 701 505; x_wconf 92' lang='lat' dir='ltr'>in</span> <span class='ocrx_word' id='word_1_6' title='bbox 736 456 940 522; x_wconf 88' lang='lat' dir='ltr'>apodosi</span> <span class='ocrx_word' id='word_1_7' title='bbox 976 455 1188 521; x_wconf 81' lang='lat' dir='ltr'><strong>priorem</strong></span> <span class='ocrx_word' id='word_1_8' title='bbox 1225 456 1386 505; x_wconf 92' lang='lat' dir='ltr'>locum</span> <span class='ocrx_word' id='word_1_9' title='bbox 1417 455 1671 505; x_wconf 78' lang='lat' dir='ltr'>obtinente</span> <span class='ocrx_word' id='word_1_10' title='bbox 1697 459 1823 520; x_wconf 83' lang='lat'>6,36.</span> 
     </span>
    </p>
   </div>
   <div class='ocr_carea' id='block_1_3' title="bbox 328 533 1828 755">
    <p class='ocr_par' dir='ltr' id='par_1_3' title="bbox 328 533 1828 755">
     <span class='ocr_line' id='line_1_3' title="bbox 329 533 1826 602; baseline 0 -20"><span class='ocrx_word' id='word_1_11' title='bbox 329 564 382 570; x_wconf 88' lang='lat'><em>-</em></span> <span class='ocrx_word' id='word_1_12' title='bbox 420 538 496 598; x_wconf 70' lang='lat'>152,</span> <span class='ocrx_word' id='word_1_13' title='bbox 519 537 596 583; x_wconf 88' lang='grc'>39.</span> <span class='ocrx_word' id='word_1_14' title='bbox 635 564 689 570; x_wconf 90' lang='grc'>--</span> <span class='ocrx_word' id='word_1_15' title='bbox 724 533 982 583; x_wconf 86' lang='lat' dir='ltr'>Formulas</span> <span class='ocrx_word' id='word_1_16' title='bbox 1018 539 1061 586; x_wconf 74' lang='lat' dir='ltr'>si</span> <span class='ocrx_word' id='word_1_17' title='bbox 1084 563 1139 569; x_wconf 91' lang='lat'>—</span> <span class='ocrx_word' id='word_1_18' title='bbox 1162 538 1355 597; x_wconf 75' lang='lat' dir='ltr'>idcireo,</span> <span class='ocrx_word' id='word_1_19' title='bbox 1393 553 1541 602; x_wconf 74' lang='lat' dir='ltr'>neque</span> <span class='ocrx_word' id='word_1_20' title='bbox 1576 538 1616 584; x_wconf 76' lang='lat' dir='ltr'>si</span> <span class='ocrx_word' id='word_1_21' title='bbox 1639 563 1692 568; x_wconf 95' lang='lat'>—</span> <span class='ocrx_word' id='word_1_22' title='bbox 1716 538 1826 597; x_wconf 63' lang='lat' dir='ltr'>ide„</span> 
     </span>
     <span class='ocr_line' id='line_1_4' title="bbox 330 610 1827 677; baseline -0.001 -17"><span class='ocrx_word' id='word_1_23' title='bbox 330 630 439 677; x_wconf 85' lang='lat' dir='ltr'>quae</span> <span class='ocrx_word' id='word_1_24' title='bbox 491 612 623 677; x_wconf 86' lang='lat' dir='ltr'>apud</span> <span class='ocrx_word' id='word_1_25' title='bbox 666 611 787 661; x_wconf 88' lang='lat' dir='ltr'>alios</span> <span class='ocrx_word' id='word_1_26' title='bbox 831 611 1094 676; x_wconf 76' lang='lat' dir='ltr'>scriptores</span> <span class='ocrx_word' id='word_1_27' title='bbox 1129 611 1263 665; x_wconf 85' lang='lat' dir='ltr'>haud</span> <span class='ocrx_word' id='word_1_28' title='bbox 1297 628 1407 660; x_wconf 90' lang='lat' dir='ltr'>raro</span> <span class='ocrx_word' id='word_1_29' title='bbox 1442 610 1827 674; x_wconf 80' lang='lat' dir='ltr'>inveniunturl),</span> 
     </span>
     <span class='ocr_line' id='line_1_5' title="bbox 328 688 1828 755; baseline -0.001 -17"><span class='ocrx_word' id='word_1_30' title='bbox 328 690 460 755; x_wconf 86' lang='lat' dir='ltr'>apud</span> <span class='ocrx_word' id='word_1_31' title='bbox 496 689 609 739; x_wconf 90' lang='lat' dir='ltr'>Tac.</span> <span class='ocrx_word' id='word_1_32' title='bbox 648 707 750 738; x_wconf 88' lang='lat' dir='ltr'>non</span> <span class='ocrx_word' id='word_1_33' title='bbox 785 689 959 754; x_wconf 89' lang='lat' dir='ltr'>reperi.</span> <span class='ocrx_word' id='word_1_34' title='bbox 997 718 1052 723; x_wconf 92' lang='lat'>—</span> <span class='ocrx_word' id='word_1_35' title='bbox 1087 688 1263 753; x_wconf 87' lang='lat' dir='ltr'>Neque</span> <span class='ocrx_word' id='word_1_36' title='bbox 1317 694 1392 740; x_wconf 80' lang='lat' dir='ltr'>sin</span> <span class='ocrx_word' id='word_1_37' title='bbox 1435 694 1612 751; x_wconf 77' lang='lat' dir='ltr'>minus,</span> <span class='ocrx_word' id='word_1_38' title='bbox 1665 705 1828 753; x_wconf 90' lang='lat' dir='ltr'>neque</span> 
     </span>
    </p>
   </div>
   <div class='ocr_carea' id='block_1_4' title="bbox 329 765 1898 1685">
    <p class='ocr_par' dir='ltr' id='par_1_4' title="bbox 329 765 1898 1068">
     <span class='ocr_line' id='line_1_6' title="bbox 331 765 1898 836; baseline -0.001 -19"><span class='ocrx_word' id='word_1_39' title='bbox 331 774 482 836; x_wconf 48' lang='lat' dir='ltr'>marsis</span> <span class='ocrx_word' id='word_1_40' title='bbox 518 774 571 826; x_wconf 76' lang='lat' dir='ltr'>si,</span> <span class='ocrx_word' id='word_1_41' title='bbox 608 785 756 832; x_wconf 87' lang='lat' dir='ltr'>quam</span> <span class='ocrx_word' id='word_1_42' title='bbox 792 766 1052 816; x_wconf 85' lang='lat' dir='ltr'>formulam</span> <span class='ocrx_word' id='word_1_43' title='bbox 1088 766 1389 815; x_wconf 78' lang='lat' dir='ltr'>recentiores</span> <span class='ocrx_word' id='word_1_44' title='bbox 1430 783 1519 831; x_wconf 89' lang='lat' dir='ltr'>pro</span> <span class='ocrx_word' id='word_1_45' title='bbox 1555 771 1826 834; x_wconf 70' lang='lat' dir='ltr'>praesertim</span> <span class='ocrx_word' id='word_1_46' title='bbox 1895 765 1898 768; x_wconf 74' lang='grc'><strong>’</strong></span> 
     </span>
     <span class='ocr_line' id='line_1_7' title="bbox 329 844 1830 910; baseline 0.001 -17"><span class='ocrx_word' id='word_1_47' title='bbox 329 850 371 897; x_wconf 74' lang='lat' dir='ltr'>si</span> <span class='ocrx_word' id='word_1_48' title='bbox 407 844 588 910; x_wconf 86' lang='lat' dir='ltr'>saepius</span> <span class='ocrx_word' id='word_1_49' title='bbox 622 844 857 893; x_wconf 89' lang='lat' dir='ltr'>adhibere</span> <span class='ocrx_word' id='word_1_50' title='bbox 894 844 1150 893; x_wconf 77' lang='lat' dir='ltr'>contendit</span> <span class='ocrx_word' id='word_1_51' title='bbox 1173 844 1389 907; x_wconf 82' lang='lat' dir='ltr'>Hand2),</span> <span class='ocrx_word' id='word_1_52' title='bbox 1423 860 1585 908; x_wconf 89' lang='lat' dir='ltr'>neque</span> <span class='ocrx_word' id='word_1_53' title='bbox 1622 848 1830 895; x_wconf 71' lang='lat' dir='ltr'>maxime</span> 
     </span>
     <span class='ocr_line' id='line_1_8' title="bbox 330 920 1828 987; baseline -0.001 -18"><span class='ocrx_word' id='word_1_54' title='bbox 330 928 372 974; x_wconf 77' lang='lat' dir='ltr'>si</span> <span class='ocrx_word' id='word_1_55' title='bbox 406 922 498 982; x_wconf 82' lang='lat' dir='ltr'>(cfr</span> <span class='ocrx_word' id='word_1_56' title='bbox 542 922 706 971; x_wconf 84' lang='lat' dir='ltr'>Hand.</span> <span class='ocrx_word' id='word_1_57' title='bbox 747 924 791 985; x_wconf 89' lang='grc'>3,</span> <span class='ocrx_word' id='word_1_58' title='bbox 814 924 928 980; x_wconf 80' lang='grc'><strong>598)</strong></span> <span class='ocrx_word' id='word_1_59' title='bbox 963 921 1240 970; x_wconf 81' lang='lat' dir='ltr'>observavi.</span> <span class='ocrx_word' id='word_1_60' title='bbox 1314 921 1506 987; x_wconf 83' lang='lat' dir='ltr'>Saepius</span> <span class='ocrx_word' id='word_1_61' title='bbox 1542 927 1704 969; x_wconf 88' lang='lat' dir='ltr'>autem</span> <span class='ocrx_word' id='word_1_62' title='bbox 1742 920 1828 969; x_wconf 91' lang='lat' dir='ltr'>ob-</span> 
     </span>
     <span class='ocr_line' id='line_1_9' title="bbox 329 999 1658 1068; baseline -0.002 -19"><span class='ocrx_word' id='word_1_63' title='bbox 329 1001 461 1049; x_wconf 88' lang='lat' dir='ltr'>viam</span> <span class='ocrx_word' id='word_1_64' title='bbox 497 1007 574 1049; x_wconf 86' lang='lat' dir='ltr'>est</span> <span class='ocrx_word' id='word_1_65' title='bbox 608 1021 749 1068; x_wconf 75' lang='lat' dir='ltr'>quam</span> <span class='ocrx_word' id='word_1_66' title='bbox 785 1008 825 1051; x_wconf 68' lang='lat'>825</span> <span class='ocrx_word' id='word_1_67' title='bbox 860 999 1185 1048; x_wconf 86' lang='lat' dir='ltr'>antecedente</span> <span class='ocrx_word' id='word_1_68' title='bbox 1221 999 1567 1064; x_wconf 85' lang='lat' dir='ltr'>comparativo,</span> <span class='ocrx_word' id='word_1_69' title='bbox 1605 1033 1658 1038; x_wconf 92' lang='lat'><strong>—</strong></span> 
     </span>
    </p>

    <p class='ocr_par' dir='ltr' id='par_1_5' title="bbox 330 1077 1829 1294">
     <span class='ocr_line' id='line_1_10' title="bbox 464 1077 1827 1146; baseline -0.004 -17"><span class='ocrx_word' id='word_1_70' title='bbox 464 1079 672 1142; x_wconf 65' lang='lat' dir='ltr'>Quodni,</span> <span class='ocrx_word' id='word_1_71' title='bbox 709 1082 929 1146; x_wconf 76' lang='lat' dir='ltr'>quodnisi</span> <span class='ocrx_word' id='word_1_72' title='bbox 962 1077 1015 1124; x_wconf 86' lang='lat' dir='ltr'>in</span> <span class='ocrx_word' id='word_1_73' title='bbox 1051 1077 1172 1141; x_wconf 90' lang='lat' dir='ltr'>Agr.</span> <span class='ocrx_word' id='word_1_74' title='bbox 1210 1084 1425 1126; x_wconf 85' lang='lat' dir='ltr'>tantum:</span> <span class='ocrx_word' id='word_1_75' title='bbox 1465 1079 1540 1125; x_wconf 82' lang='lat'>16.</span> <span class='ocrx_word' id='word_1_76' title='bbox 1579 1105 1633 1110; x_wconf 91' lang='lat'>—</span> <span class='ocrx_word' id='word_1_77' title='bbox 1669 1077 1746 1124; x_wconf 76' lang='lat'>26.</span> <span class='ocrx_word' id='word_1_78' title='bbox 1774 1104 1827 1109; x_wconf 89' lang='lat'>—</span> 
     </span>
     <span class='ocr_line' id='line_1_11' title="bbox 332 1153 1829 1219; baseline -0.003 -15"><span class='ocrx_word' id='word_1_79' title='bbox 332 1159 415 1218; x_wconf 78' lang='lat'>373</span> <span class='ocrx_word' id='word_1_80' title='bbox 460 1157 642 1213; x_wconf 64' lang='lat' dir='ltr'>Quodsi</span> <span class='ocrx_word' id='word_1_81' title='bbox 676 1155 729 1202; x_wconf 92' lang='lat' dir='ltr'>in</span> <span class='ocrx_word' id='word_1_82' title='bbox 763 1154 994 1203; x_wconf 90' lang='lat' dir='ltr'>omnibus</span> <span class='ocrx_word' id='word_1_83' title='bbox 1030 1154 1228 1219; x_wconf 85' lang='lat' dir='ltr'>scriptis</span> <span class='ocrx_word' id='word_1_84' title='bbox 1263 1160 1459 1219; x_wconf 82' lang='lat' dir='ltr'>(praeter</span> <span class='ocrx_word' id='word_1_85' title='bbox 1494 1154 1700 1217; x_wconf 82' lang='lat' dir='ltr'>Germ.),</span> <span class='ocrx_word' id='word_1_86' title='bbox 1737 1153 1829 1202; x_wconf 88' lang='lat' dir='ltr'>cir-</span> 
     </span>
     <span class='ocr_line' id='line_1_12' title="bbox 330 1233 952 1294; baseline -0.002 -12"><span class='ocrx_word' id='word_1_87' title='bbox 330 1234 450 1282; x_wconf 89' lang='lat' dir='ltr'>citer</span> <span class='ocrx_word' id='word_1_88' title='bbox 486 1239 640 1294; x_wconf 61' lang='grc'><strong>1713168,</strong></span> <span class='ocrx_word' id='word_1_89' title='bbox 677 1233 861 1281; x_wconf 88' lang='lat' dir='ltr'>inveni.</span> <span class='ocrx_word' id='word_1_90' title='bbox 901 1262 952 1267; x_wconf 92' lang='lat'>—</span> 
     </span>
    </p>

    <p class='ocr_par' dir='ltr' id='par_1_6' title="bbox 329 1309 1829 1685">
     <span class='ocr_line' id='line_1_13' title="bbox 462 1309 1829 1375; baseline -0.001 -17"><span class='ocrx_word' id='word_1_91' title='bbox 462 1310 537 1359; x_wconf 89' lang='lat' dir='ltr'>De</span> <span class='ocrx_word' id='word_1_92' title='bbox 572 1309 812 1375; x_wconf 85' lang='lat' dir='ltr'>particula</span> <span class='ocrx_word' id='word_1_93' title='bbox 847 1314 943 1361; x_wconf 73' lang='lat' dir='ltr'>sive</span> <span class='ocrx_word' id='word_1_94' title='bbox 979 1326 1137 1374; x_wconf 87' lang='lat' dir='ltr'>pauca</span> <span class='ocrx_word' id='word_1_95' title='bbox 1173 1326 1420 1374; x_wconf 77' lang='lat' dir='ltr'>exponere</span> <span class='ocrx_word' id='word_1_96' title='bbox 1445 1309 1578 1358; x_wconf 91' lang='lat' dir='ltr'>libet.</span> <span class='ocrx_word' id='word_1_97' title='bbox 1634 1309 1708 1358; x_wconf 93' lang='lat' dir='ltr'>De</span> <span class='ocrx_word' id='word_1_98' title='bbox 1733 1309 1829 1358; x_wconf 86' lang='lat' dir='ltr'>for—</span> 
     </span>
     <span class='ocr_line' id='line_1_14' title="bbox 329 1386 1827 1452; baseline -0.001 -16"><span class='ocrx_word' id='word_1_99' title='bbox 329 1388 424 1437; x_wconf 89' lang='lat' dir='ltr'>mis</span> <span class='ocrx_word' id='word_1_100' title='bbox 460 1388 574 1436; x_wconf 86' lang='lat' dir='ltr'>vide</span> <span class='ocrx_word' id='word_1_101' title='bbox 611 1387 865 1451; x_wconf 83' lang='lat' dir='ltr'>DRAEGER.,</span> <span class='ocrx_word' id='word_1_102' title='bbox 905 1387 998 1436; x_wconf 80' lang='lat' dir='ltr'>Stil</span> <span class='ocrx_word' id='word_1_103' title='bbox 1034 1387 1079 1435; x_wconf 89' lang='lat' dir='ltr'>d.</span> <span class='ocrx_word' id='word_1_104' title='bbox 1119 1386 1232 1435; x_wconf 79' lang='lat' dir='ltr'>Tae.</span> <span class='ocrx_word' id='word_1_105' title='bbox 1274 1386 1302 1452; x_wconf 65' lang='grc' dir='ltr'>ξ</span> <span class='ocrx_word' id='word_1_106' title='bbox 1342 1390 1458 1448; x_wconf 81' lang='grc'><strong>129;</strong></span> <span class='ocrx_word' id='word_1_107' title='bbox 1496 1387 1625 1435; x_wconf 89' lang='lat' dir='ltr'>Hist.</span> <span class='ocrx_word' id='word_1_108' title='bbox 1667 1386 1827 1451; x_wconf 66' lang='lat' dir='ltr'>Synt,</span> 
     </span>
     <span class='ocr_line' id='line_1_15' title="bbox 331 1463 1827 1530; baseline -0.002 -16"><span class='ocrx_word' id='word_1_109' title='bbox 331 1466 502 1515; x_wconf 88' lang='lat' dir='ltr'>dritter</span> <span class='ocrx_word' id='word_1_110' title='bbox 537 1465 680 1514; x_wconf 89' lang='lat' dir='ltr'>Theil</span> <span class='ocrx_word' id='word_1_111' title='bbox 714 1483 827 1530; x_wconf 88' lang='lat' dir='ltr'>pag.</span> <span class='ocrx_word' id='word_1_112' title='bbox 871 1467 979 1513; x_wconf 83' lang='lat'>143.</span> <span class='ocrx_word' id='word_1_113' title='bbox 1018 1500 1071 1505; x_wconf 86' lang='lat'>—</span> <span class='ocrx_word' id='word_1_114' title='bbox 1109 1464 1253 1523; x_wconf 83' lang='lat' dir='ltr'>Quod</span> <span class='ocrx_word' id='word_1_115' title='bbox 1290 1463 1607 1513; x_wconf 87' lang='lat' dir='ltr'>observatum</span> <span class='ocrx_word' id='word_1_116' title='bbox 1642 1471 1738 1527; x_wconf 88' lang='lat' dir='ltr'>est,</span> <span class='ocrx_word' id='word_1_117' title='bbox 1776 1464 1827 1511; x_wconf 90' lang='lat' dir='ltr'>in</span> 
     </span>
     <span class='ocr_line' id='line_1_16' title="bbox 329 1541 1828 1608; baseline -0.001 -17"><span class='ocrx_word' id='word_1_118' title='bbox 329 1543 540 1608; x_wconf 88' lang='lat' dir='ltr'>Dialogo</span> <span class='ocrx_word' id='word_1_119' title='bbox 575 1543 736 1592; x_wconf 87' lang='lat' dir='ltr'>nullas</span> <span class='ocrx_word' id='word_1_120' title='bbox 771 1543 954 1591; x_wconf 84' lang='lat' dir='ltr'>formas</span> <span class='ocrx_word' id='word_1_121' title='bbox 989 1542 1086 1591; x_wconf 89' lang='lat' dir='ltr'>nisi</span> <span class='ocrx_word' id='word_1_122' title='bbox 1122 1548 1217 1595; x_wconf 66' lang='lat' dir='ltr'>sive</span> <span class='ocrx_word' id='word_1_123' title='bbox 1252 1572 1305 1576; x_wconf 93' lang='grc'><strong>-</strong></span> <span class='ocrx_word' id='word_1_124' title='bbox 1341 1547 1438 1593; x_wconf 72' lang='lat' dir='ltr'>sive</span> <span class='ocrx_word' id='word_1_125' title='bbox 1470 1542 1752 1607; x_wconf 86' lang='lat' dir='ltr'>(quinquies</span> <span class='ocrx_word' id='word_1_126' title='bbox 1777 1541 1828 1590; x_wconf 92' lang='lat' dir='ltr'>in</span> 
     </span>
     <span class='ocr_line' id='line_1_17' title="bbox 330 1619 1829 1685; baseline -0.001 -16"><span class='ocrx_word' id='word_1_127' title='bbox 330 1639 428 1670; x_wconf 86' lang='lat' dir='ltr'>una</span> <span class='ocrx_word' id='word_1_128' title='bbox 460 1621 731 1685; x_wconf 87' lang='lat' dir='ltr'>eademque</span> <span class='ocrx_word' id='word_1_129' title='bbox 756 1620 959 1685; x_wconf 88' lang='lat' dir='ltr'>periodo</span> <span class='ocrx_word' id='word_1_130' title='bbox 983 1620 1237 1685; x_wconf 83' lang='lat' dir='ltr'>repetitur)</span> <span class='ocrx_word' id='word_1_131' title='bbox 1263 1619 1505 1684; x_wconf 88' lang='lat' dir='ltr'>usurpari,</span> <span class='ocrx_word' id='word_1_132' title='bbox 1531 1620 1583 1670; x_wconf 90' lang='lat' dir='ltr'>id</span> <span class='ocrx_word' id='word_1_133' title='bbox 1608 1619 1755 1668; x_wconf 86' lang='lat' dir='ltr'>etiam</span> <span class='ocrx_word' id='word_1_134' title='bbox 1777 1619 1829 1667; x_wconf 90' lang='lat' dir='ltr'>in</span> 
     </span>
    </p>
   </div>
   <div class='ocr_carea' id='block_1_5' title="bbox 330 1698 1830 1920">
    <p class='ocr_par' dir='ltr' id='par_1_7' title="bbox 330 1698 1830 1920">
     <span class='ocr_line' id='line_1_18' title="bbox 331 1698 1830 1763; baseline 0.001 -16"><span class='ocrx_word' id='word_1_135' title='bbox 331 1698 497 1747; x_wconf 80' lang='lat' dir='ltr'>Germ.</span> <span class='ocrx_word' id='word_1_136' title='bbox 558 1706 608 1747; x_wconf 86' lang='lat' dir='ltr'>et</span> <span class='ocrx_word' id='word_1_137' title='bbox 665 1698 834 1763; x_wconf 88' lang='lat' dir='ltr'>Agric.</span> <span class='ocrx_word' id='word_1_138' title='bbox 895 1698 963 1746; x_wconf 91' lang='lat' dir='ltr'>ita</span> <span class='ocrx_word' id='word_1_139' title='bbox 1021 1698 1166 1761; x_wconf 88' lang='lat' dir='ltr'>valet,</span> <span class='ocrx_word' id='word_1_140' title='bbox 1228 1704 1283 1744; x_wconf 90' lang='lat' dir='ltr'>ut</span> <span class='ocrx_word' id='word_1_141' title='bbox 1334 1705 1417 1746; x_wconf 84' lang='lat' dir='ltr'>aut</span> <span class='ocrx_word' id='word_1_142' title='bbox 1477 1705 1574 1748; x_wconf 69' lang='lat' dir='ltr'>sive</span> <span class='ocrx_word' id='word_1_143' title='bbox 1626 1727 1679 1731; x_wconf 89' lang='lat'><strong>—</strong></span> <span class='ocrx_word' id='word_1_144' title='bbox 1731 1702 1830 1749; x_wconf 70' lang='lat' dir='ltr'>sive</span> 
     </span>
     <span class='ocr_line' id='line_1_19' title="bbox 330 1773 1828 1840; baseline -0.002 -15"><span class='ocrx_word' id='word_1_145' title='bbox 330 1784 415 1825; x_wconf 84' lang='lat' dir='ltr'>aut</span> <span class='ocrx_word' id='word_1_146' title='bbox 449 1797 524 1828; x_wconf 62' lang='lat' dir='ltr'>sev</span> <span class='ocrx_word' id='word_1_147' title='bbox 561 1805 615 1811; x_wconf 92' lang='lat'>—</span> <span class='ocrx_word' id='word_1_148' title='bbox 650 1797 727 1828; x_wconf 78' lang='lat' dir='ltr'>sev</span> <span class='ocrx_word' id='word_1_149' title='bbox 766 1783 1078 1840; x_wconf 85' lang='lat' dir='ltr'>opponantur</span> <span class='ocrx_word' id='word_1_150' title='bbox 1114 1782 1309 1840; x_wconf 84' lang='lat' dir='ltr'>(praeter</span> <span class='ocrx_word' id='word_1_151' title='bbox 1343 1775 1504 1824; x_wconf 89' lang='lat' dir='ltr'>locum</span> <span class='ocrx_word' id='word_1_152' title='bbox 1541 1773 1707 1822; x_wconf 82' lang='lat' dir='ltr'>Germ.</span> <span class='ocrx_word' id='word_1_153' title='bbox 1750 1776 1828 1837; x_wconf 83' lang='lat'>34,</span> 
     </span>
     <span class='ocr_line' id='line_1_20' title="bbox 330 1853 1829 1920; baseline 0.001 -19"><span class='ocrx_word' id='word_1_154' title='bbox 330 1853 415 1902; x_wconf 88' lang='lat' dir='ltr'>ubi</span> <span class='ocrx_word' id='word_1_155' title='bbox 451 1853 633 1918; x_wconf 87' lang='lat' dir='ltr'>legitur</span> <span class='ocrx_word' id='word_1_156' title='bbox 668 1857 765 1905; x_wconf 75' lang='lat' dir='ltr'>sive</span> <span class='ocrx_word' id='word_1_157' title='bbox 801 1882 854 1887; x_wconf 87' lang='lat'>-</span> <span class='ocrx_word' id='word_1_158' title='bbox 890 1858 1003 1913; x_wconf 74' lang='lat' dir='ltr'>sev).</span> <span class='ocrx_word' id='word_1_159' title='bbox 1075 1853 1157 1901; x_wconf 87' lang='lat' dir='ltr'>Ad</span> <span class='ocrx_word' id='word_1_160' title='bbox 1194 1867 1407 1920; x_wconf 76' lang='lat' dir='ltr'>tempora</span> <span class='ocrx_word' id='word_1_161' title='bbox 1443 1858 1608 1901; x_wconf 84' lang='lat' dir='ltr'>autem</span> <span class='ocrx_word' id='word_1_162' title='bbox 1644 1859 1694 1900; x_wconf 91' lang='lat' dir='ltr'>et</span> <span class='ocrx_word' id='word_1_163' title='bbox 1729 1872 1829 1903; x_wconf 81' lang='lat' dir='ltr'>mo-</span> 
     </span>
    </p>
   </div>
   <div class='ocr_carea' id='block_1_6' title="bbox 330 1929 1831 2850">
    <p class='ocr_par' dir='ltr' id='par_1_8' title="bbox 330 1929 1831 2850">
     <span class='ocr_line' id='line_1_21' title="bbox 330 1929 1830 1996; baseline -0.003 -14"><span class='ocrx_word' id='word_1_164' title='bbox 330 1937 417 1983; x_wconf 76' lang='lat' dir='ltr'>clos</span> <span class='ocrx_word' id='word_1_165' title='bbox 470 1931 601 1996; x_wconf 87' lang='lat' dir='ltr'>quod</span> <span class='ocrx_word' id='word_1_166' title='bbox 655 1931 844 1993; x_wconf 81' lang='lat' dir='ltr'>attinet,</span> <span class='ocrx_word' id='word_1_167' title='bbox 899 1930 1023 1978; x_wconf 87' lang='lat' dir='ltr'>nihil</span> <span class='ocrx_word' id='word_1_168' title='bbox 1075 1930 1236 1979; x_wconf 87' lang='lat' dir='ltr'>dicam</span> <span class='ocrx_word' id='word_1_169' title='bbox 1271 1930 1367 1979; x_wconf 91' lang='lat' dir='ltr'>nisi</span> <span class='ocrx_word' id='word_1_170' title='bbox 1405 1929 1698 1979; x_wconf 87' lang='lat' dir='ltr'>observasse</span> <span class='ocrx_word' id='word_1_171' title='bbox 1735 1947 1830 1992; x_wconf 86' lang='lat' dir='ltr'>me,</span> 
     </span>
     <span class='ocr_line' id='line_1_22' title="bbox 331 2007 1828 2059; baseline -0.002 -2"><span class='ocrx_word' id='word_1_172' title='bbox 331 2009 555 2057; x_wconf 85' lang='lat' dir='ltr'>Tacitum</span> <span class='ocrx_word' id='word_1_173' title='bbox 608 2009 832 2058; x_wconf 85' lang='lat' dir='ltr'>variandi</span> <span class='ocrx_word' id='word_1_174' title='bbox 887 2007 1050 2057; x_wconf 88' lang='lat' dir='ltr'>studio</span> <span class='ocrx_word' id='word_1_175' title='bbox 1103 2015 1401 2056; x_wconf 87' lang='lat' dir='ltr'>commotum</span> <span class='ocrx_word' id='word_1_176' title='bbox 1455 2014 1540 2056; x_wconf 85' lang='lat' dir='ltr'>aut</span> <span class='ocrx_word' id='word_1_177' title='bbox 1581 2014 1677 2059; x_wconf 67' lang='lat' dir='ltr'>sive</span> <span class='ocrx_word' id='word_1_178' title='bbox 1717 2025 1828 2056; x_wconf 88' lang='lat' dir='ltr'>cum</span> 
     </span>
     <span class='ocr_line' id='line_1_23' title="bbox 332 2085 1831 2151; baseline -0.001 -16"><span class='ocrx_word' id='word_1_179' title='bbox 332 2087 425 2135; x_wconf 89' lang='lat' dir='ltr'>alia</span> <span class='ocrx_word' id='word_1_180' title='bbox 461 2086 700 2151; x_wconf 86' lang='lat' dir='ltr'>particula</span> <span class='ocrx_word' id='word_1_181' title='bbox 735 2087 968 2136; x_wconf 87' lang='lat' dir='ltr'>alterutro</span> <span class='ocrx_word' id='word_1_182' title='bbox 1003 2085 1111 2134; x_wconf 93' lang='grc'><strong>1030</strong></span> <span class='ocrx_word' id='word_1_183' title='bbox 1148 2085 1449 2150; x_wconf 85' lang='lat' dir='ltr'>conjungere</span> <span class='ocrx_word' id='word_1_184' title='bbox 1490 2092 1575 2133; x_wconf 85' lang='lat' dir='ltr'>aut</span> <span class='ocrx_word' id='word_1_185' title='bbox 1608 2092 1831 2150; x_wconf 83' lang='lat' dir='ltr'>tempora</span> 
     </span>
     <span class='ocr_line' id='line_1_24' title="bbox 332 2163 1830 2213; baseline 0 -2"><span class='ocrx_word' id='word_1_186' title='bbox 332 2164 521 2213; x_wconf 87' lang='lat' dir='ltr'>variare</span> <span class='ocrx_word' id='word_1_187' title='bbox 557 2171 642 2212; x_wconf 87' lang='lat' dir='ltr'>aut</span> <span class='ocrx_word' id='word_1_188' title='bbox 676 2164 816 2213; x_wconf 86' lang='lat' dir='ltr'>aliter</span> <span class='ocrx_word' id='word_1_189' title='bbox 857 2164 1141 2213; x_wconf 83' lang='lat' dir='ltr'>alterutram</span> <span class='ocrx_word' id='word_1_190' title='bbox 1187 2163 1483 2211; x_wconf 89' lang='lat' dir='ltr'>sententiam</span> <span class='ocrx_word' id='word_1_191' title='bbox 1525 2163 1830 2212; x_wconf 86' lang='lat' dir='ltr'>conformare</span> 
     </span>
     <span class='ocr_line' id='line_1_25' title="bbox 333 2240 1831 2307; baseline -0.003 -14"><span class='ocrx_word' id='word_1_192' title='bbox 333 2242 509 2303; x_wconf 86' lang='lat' dir='ltr'>solere3</span> <span class='ocrx_word' id='word_1_193' title='bbox 547 2242 679 2306; x_wconf 87' lang='lat' dir='ltr'>quod</span> <span class='ocrx_word' id='word_1_194' title='bbox 715 2242 916 2307; x_wconf 89' lang='lat' dir='ltr'>quidem</span> <span class='ocrx_word' id='word_1_195' title='bbox 952 2241 1177 2290; x_wconf 83' lang='lat' dir='ltr'>variandi</span> <span class='ocrx_word' id='word_1_196' title='bbox 1215 2240 1433 2289; x_wconf 88' lang='lat' dir='ltr'>studium</span> <span class='ocrx_word' id='word_1_197' title='bbox 1461 2240 1610 2289; x_wconf 90' lang='lat' dir='ltr'>etiam</span> <span class='ocrx_word' id='word_1_198' title='bbox 1634 2258 1697 2289; x_wconf 80' lang='lat' dir='ltr'>ex</span> <span class='ocrx_word' id='word_1_199' title='bbox 1721 2240 1831 2289; x_wconf 89' lang='lat' dir='ltr'>aliis</span> 
     </span>
     <span class='ocr_line' id='line_1_26' title="bbox 331 2317 1830 2384; baseline -0.001 -17"><span class='ocrx_word' id='word_1_200' title='bbox 331 2320 494 2382; x_wconf 88' lang='lat' dir='ltr'>rebus,</span> <span class='ocrx_word' id='word_1_201' title='bbox 539 2326 594 2367; x_wconf 90' lang='lat' dir='ltr'>ut</span> <span class='ocrx_word' id='word_1_202' title='bbox 626 2320 733 2384; x_wconf 85' lang='lat' dir='ltr'>jam</span> <span class='ocrx_word' id='word_1_203' title='bbox 769 2318 955 2383; x_wconf 82' lang='lat' dir='ltr'>aliquot</span> <span class='ocrx_word' id='word_1_204' title='bbox 988 2317 1109 2366; x_wconf 87' lang='lat' dir='ltr'>locis</span> <span class='ocrx_word' id='word_1_205' title='bbox 1147 2336 1296 2383; x_wconf 90' lang='lat' dir='ltr'>supra</span> <span class='ocrx_word' id='word_1_206' title='bbox 1331 2324 1408 2366; x_wconf 89' lang='lat' dir='ltr'>est</span> <span class='ocrx_word' id='word_1_207' title='bbox 1439 2317 1641 2382; x_wconf 88' lang='lat' dir='ltr'>dictum,</span> <span class='ocrx_word' id='word_1_208' title='bbox 1686 2318 1830 2367; x_wconf 88' lang='lat' dir='ltr'>intel-</span> 
     </span>
     <span class='ocr_line' id='line_1_27' title="bbox 331 2395 1827 2462; baseline -0.001 -17"><span class='ocrx_word' id='word_1_209' title='bbox 331 2397 514 2462; x_wconf 83' lang='lat' dir='ltr'>ligitur.</span> <span class='ocrx_word' id='word_1_210' title='bbox 587 2396 831 2462; x_wconf 79' lang='lat' dir='ltr'>Exempla</span> <span class='ocrx_word' id='word_1_211' title='bbox 883 2396 1031 2444; x_wconf 84' lang='lat' dir='ltr'>affero</span> <span class='ocrx_word' id='word_1_212' title='bbox 1075 2413 1253 2460; x_wconf 84' lang='lat' dir='ltr'>pauca:</span> <span class='ocrx_word' id='word_1_213' title='bbox 1308 2395 1439 2443; x_wconf 90' lang='lat' dir='ltr'>Ann.</span> <span class='ocrx_word' id='word_1_214' title='bbox 1486 2397 1530 2458; x_wconf 91' lang='grc'>3,</span> <span class='ocrx_word' id='word_1_215' title='bbox 1553 2398 1580 2443; x_wconf 87' lang='grc'>3</span> <span class='ocrx_word' id='word_1_216' title='bbox 1618 2396 1827 2461; x_wconf 86' lang='lat' dir='ltr'>(imperf.</span> 
     </span>
     <span class='ocr_line' id='line_1_28' title="bbox 333 2472 1830 2540; baseline -0.001 -17"><span class='ocrx_word' id='word_1_217' title='bbox 333 2504 386 2510; x_wconf 88' lang='lat'><strong>—</strong></span> <span class='ocrx_word' id='word_1_218' title='bbox 421 2474 562 2540; x_wconf 86' lang='lat' dir='ltr'>perf.)</span> <span class='ocrx_word' id='word_1_219' title='bbox 598 2504 653 2510; x_wconf 92' lang='lat'>—</span> <span class='ocrx_word' id='word_1_220' title='bbox 691 2477 766 2538; x_wconf 88' lang='lat'>11,</span> <span class='ocrx_word' id='word_1_221' title='bbox 790 2476 847 2522; x_wconf 83' lang='lat'>31</span> <span class='ocrx_word' id='word_1_222' title='bbox 888 2473 1099 2538; x_wconf 87' lang='lat' dir='ltr'>(plusqu.</span> <span class='ocrx_word' id='word_1_223' title='bbox 1139 2503 1191 2507; x_wconf 87' lang='lat'>——</span> <span class='ocrx_word' id='word_1_224' title='bbox 1227 2472 1390 2538; x_wconf 79' lang='lat' dir='ltr'>pe1·f.³)</span> <span class='ocrx_word' id='word_1_225' title='bbox 1427 2502 1480 2507; x_wconf 89' lang='lat'><strong>—</strong></span> <span class='ocrx_word' id='word_1_226' title='bbox 1519 2476 1594 2536; x_wconf 75' lang='lat'>12,</span> <span class='ocrx_word' id='word_1_227' title='bbox 1617 2477 1645 2521; x_wconf 78' lang='grc'>8</span> <span class='ocrx_word' id='word_1_228' title='bbox 1678 2473 1830 2538; x_wconf 85' lang='lat' dir='ltr'>(plus-</span> 
     </span>
     <span class='ocr_line' id='line_1_29' title="bbox 333 2550 1829 2617; baseline -0.001 -17"><span class='ocrx_word' id='word_1_229' title='bbox 333 2570 411 2617; x_wconf 87' lang='lat' dir='ltr'>qu.</span> <span class='ocrx_word' id='word_1_230' title='bbox 457 2587 510 2592; x_wconf 92' lang='grc'>-</span> <span class='ocrx_word' id='word_1_231' title='bbox 552 2552 645 2601; x_wconf 90' lang='lat' dir='ltr'>abl.</span> <span class='ocrx_word' id='word_1_232' title='bbox 702 2552 827 2611; x_wconf 85' lang='lat' dir='ltr'>abs.)</span> <span class='ocrx_word' id='word_1_233' title='bbox 871 2586 924 2591; x_wconf 88' lang='lat'><em>-</em></span> <span class='ocrx_word' id='word_1_234' title='bbox 974 2553 1049 2613; x_wconf 82' lang='lat'>13,</span> <span class='ocrx_word' id='word_1_235' title='bbox 1073 2553 1132 2599; x_wconf 82' lang='lat'>39</span> <span class='ocrx_word' id='word_1_236' title='bbox 1167 2550 1406 2616; x_wconf 86' lang='lat' dir='ltr'>(particip.</span> <span class='ocrx_word' id='word_1_237' title='bbox 1445 2568 1586 2615; x_wconf 73' lang='lat' dir='ltr'>praes.</span> <span class='ocrx_word' id='word_1_238' title='bbox 1626 2586 1678 2592; x_wconf 91' lang='grc'>-</span> <span class='ocrx_word' id='word_1_239' title='bbox 1724 2550 1829 2599; x_wconf 90' lang='grc'><strong>31173</strong></span> 
     </span>
     <span class='ocr_line' id='line_1_30' title="bbox 334 2627 1828 2694; baseline -0.001 -17"><span class='ocrx_word' id='word_1_240' title='bbox 334 2636 407 2690; x_wconf 83' lang='lat' dir='ltr'>ut)</span> <span class='ocrx_word' id='word_1_241' title='bbox 446 2660 498 2664; x_wconf 97' lang='lat'><strong>—</strong></span> <span class='ocrx_word' id='word_1_242' title='bbox 537 2633 658 2692; x_wconf 82' lang='lat'>14,4</span> <span class='ocrx_word' id='word_1_243' title='bbox 695 2629 806 2689; x_wconf 77' lang='lat' dir='ltr'>(abl.</span> <span class='ocrx_word' id='word_1_244' title='bbox 847 2628 949 2677; x_wconf 87' lang='lat' dir='ltr'>abs.</span> <span class='ocrx_word' id='word_1_245' title='bbox 989 2658 1042 2663; x_wconf 92' lang='lat'>—</span> <span class='ocrx_word' id='word_1_246' title='bbox 1077 2628 1289 2694; x_wconf 86' lang='lat' dir='ltr'>imperf.)</span> <span class='ocrx_word' id='word_1_247' title='bbox 1324 2658 1378 2662; x_wconf 92' lang='lat'>—</span> <span class='ocrx_word' id='word_1_248' title='bbox 1418 2630 1492 2691; x_wconf 91' lang='lat'>15,</span> <span class='ocrx_word' id='word_1_249' title='bbox 1515 2629 1576 2676; x_wconf 84' lang='lat'>56</span> <span class='ocrx_word' id='word_1_250' title='bbox 1614 2627 1750 2693; x_wconf 87' lang='lat' dir='ltr'>(perf.</span> <span class='ocrx_word' id='word_1_251' title='bbox 1777 2656 1828 2662; x_wconf 89' lang='lat'>-—</span> 
     </span>
     <span class='ocr_line' id='line_1_31' title="bbox 335 2705 1830 2770; baseline -0.002 -15"><span class='ocrx_word' id='word_1_252' title='bbox 335 2708 439 2756; x_wconf 89' lang='lat' dir='ltr'>sive</span> <span class='ocrx_word' id='word_1_253' title='bbox 474 2712 573 2768; x_wconf 85' lang='lat' dir='ltr'>ut);</span> <span class='ocrx_word' id='word_1_254' title='bbox 611 2707 740 2755; x_wconf 87' lang='lat' dir='ltr'>Hist.</span> <span class='ocrx_word' id='word_1_255' title='bbox 784 2709 826 2769; x_wconf 93' lang='lat'>1,</span> <span class='ocrx_word' id='word_1_256' title='bbox 850 2708 909 2754; x_wconf 83' lang='lat'>39</span> <span class='ocrx_word' id='word_1_257' title='bbox 948 2706 1072 2765; x_wconf 90' lang='lat' dir='ltr'>(sive</span> <span class='ocrx_word' id='word_1_258' title='bbox 1108 2714 1163 2754; x_wconf 89' lang='lat' dir='ltr'>ut</span> <span class='ocrx_word' id='word_1_259' title='bbox 1197 2741 1250 2746; x_wconf 94' lang='grc'>-</span> <span class='ocrx_word' id='word_1_260' title='bbox 1287 2723 1374 2754; x_wconf 88' lang='grc'><strong>3317</strong></span> <span class='ocrx_word' id='word_1_261' title='bbox 1411 2705 1622 2770; x_wconf 85' lang='lat' dir='ltr'>imperf.)</span> <span class='ocrx_word' id='word_1_262' title='bbox 1643 2734 1695 2739; x_wconf 90' lang='lat'><em>-</em></span> <span class='ocrx_word' id='word_1_263' title='bbox 1717 2707 1830 2766; x_wconf 78' lang='lat'>2,44</span> 
     </span>
     <span class='ocr_line' id='line_1_32' title="bbox 335 2782 1827 2850; baseline -0.002 -18"><span class='ocrx_word' id='word_1_264' title='bbox 335 2785 548 2850; x_wconf 85' lang='lat' dir='ltr'>(plusqu.</span> <span class='ocrx_word' id='word_1_265' title='bbox 586 2814 640 2820; x_wconf 93' lang='lat'>——</span> <span class='ocrx_word' id='word_1_266' title='bbox 675 2783 890 2849; x_wconf 86' lang='lat' dir='ltr'>imperf.)</span> <span class='ocrx_word' id='word_1_267' title='bbox 926 2813 978 2818; x_wconf 90' lang='grc'><strong>-</strong></span> <span class='ocrx_word' id='word_1_268' title='bbox 1018 2787 1061 2845; x_wconf 94' lang='grc'>5,</span> <span class='ocrx_word' id='word_1_269' title='bbox 1083 2786 1113 2832; x_wconf 89' lang='lat'>4</span> <span class='ocrx_word' id='word_1_270' title='bbox 1151 2783 1261 2841; x_wconf 88' lang='lat' dir='ltr'>(abl.</span> <span class='ocrx_word' id='word_1_271' title='bbox 1301 2783 1404 2832; x_wconf 86' lang='lat' dir='ltr'>abs.</span> <span class='ocrx_word' id='word_1_272' title='bbox 1443 2813 1497 2818; x_wconf 90' lang='lat'>-—</span> <span class='ocrx_word' id='word_1_273' title='bbox 1534 2800 1621 2831; x_wconf 89' lang='lat' dir='ltr'>sev</span> <span class='ocrx_word' id='word_1_274' title='bbox 1662 2782 1827 2846; x_wconf 85' lang='lat' dir='ltr'>quod).</span> 
     </span>
    </p>
   </div>
   <div class='ocr_carea' id='block_1_7' title="bbox 407 2886 598 2891">
    <p class='ocr_par' dir='ltr' id='par_1_9' title="bbox 407 2886 598 2891">
     <span class='ocr_line' id='line_1_33' title="bbox 407 2886 598 2891; baseline 0 0"><span class='ocrx_word' id='word_1_275' title='bbox 407 2886 598 2891; x_wconf 95' lang='lat' dir='ltr'> </span> 
     </span>
    </p>
   </div>
   <div class='ocr_carea' id='block_1_8' title="bbox 338 2926 1830 3032">
    <p class='ocr_par' dir='ltr' id='par_1_10' title="bbox 338 2926 1830 3032">
     <span class='ocr_line' id='line_1_34' title="bbox 449 2926 1830 2977; baseline -0.002 -11"><span class='ocrx_word' id='word_1_276' title='bbox 449 2930 481 2977; x_wconf 89' lang='lat' dir='ltr'>l)</span> <span class='ocrx_word' id='word_1_277' title='bbox 513 2932 577 2967; x_wconf 80' lang='lat' dir='ltr'>Cfr</span> <span class='ocrx_word' id='word_1_278' title='bbox 618 2931 740 2966; x_wconf 81' lang='lat' dir='ltr'>Hand.</span> <span class='ocrx_word' id='word_1_279' title='bbox 773 2932 807 2975; x_wconf 83' lang='lat'>3,</span> <span class='ocrx_word' id='word_1_280' title='bbox 837 2943 920 2976; x_wconf 79' lang='lat' dir='ltr'>pag.</span> <span class='ocrx_word' id='word_1_281' title='bbox 955 2931 1053 2973; x_wconf 71' lang='lat'>1733</span> <span class='ocrx_word' id='word_1_282' title='bbox 1099 2932 1134 2970; x_wconf 79' lang='lat'>4,</span> <span class='ocrx_word' id='word_1_283' title='bbox 1172 2941 1255 2975; x_wconf 85' lang='lat' dir='ltr'>pag.</span> <span class='ocrx_word' id='word_1_284' title='bbox 1291 2930 1377 2964; x_wconf 87' lang='lat'>100.</span> <span class='ocrx_word' id='word_1_285' title='bbox 1408 2949 1459 2954; x_wconf 88' lang='lat'>——</span> <span class='ocrx_word' id='word_1_286' title='bbox 1492 2926 1526 2974; x_wconf 74' lang='grc'>2)</span> <span class='ocrx_word' id='word_1_287' title='bbox 1560 2930 1594 2972; x_wconf 89' lang='lat'>3,</span> <span class='ocrx_word' id='word_1_288' title='bbox 1625 2941 1708 2975; x_wconf 82' lang='lat' dir='ltr'>pag.</span> <span class='ocrx_word' id='word_1_289' title='bbox 1740 2929 1830 2964; x_wconf 86' lang='lat'>560.</span> 
     </span>
     <span class='ocr_line' id='line_1_35' title="bbox 338 2985 1406 3032; baseline -0.003 -10"><span class='ocrx_word' id='word_1_290' title='bbox 338 2985 372 3032; x_wconf 80' lang='grc'>3)</span> <span class='ocrx_word' id='word_1_291' title='bbox 404 2988 457 3022; x_wconf 83' lang='lat' dir='ltr'>De</span> <span class='ocrx_word' id='word_1_292' title='bbox 488 2988 522 3021; x_wconf 83' lang='lat' dir='ltr'>h.</span> <span class='ocrx_word' id='word_1_293' title='bbox 552 2987 574 3021; x_wconf 93' lang='lat' dir='ltr'>l.</span> <span class='ocrx_word' id='word_1_294' title='bbox 604 2986 686 3021; x_wconf 80' lang='lat' dir='ltr'>vide</span> <span class='ocrx_word' id='word_1_295' title='bbox 716 2987 877 3021; x_wconf 76' lang='lat' dir='ltr'>MAnvlo.</span> <span class='ocrx_word' id='word_1_296' title='bbox 908 2986 1059 3020; x_wconf 82' lang='lat' dir='ltr'>Advers.</span> <span class='ocrx_word' id='word_1_297' title='bbox 1089 2986 1168 3020; x_wconf 85' lang='lat' dir='ltr'>crit.</span> <span class='ocrx_word' id='word_1_298' title='bbox 1200 2996 1282 3030; x_wconf 83' lang='lat' dir='ltr'>pag.</span> <span class='ocrx_word' id='word_1_299' title='bbox 1315 2985 1406 3020; x_wconf 83' lang='lat'>551.</span> 
     </span>
    </p>
   </div>
  </div>
 </body>
</html>
