1944 3282
327 257 389 302 14

256 375 469 440 protasis
529 375 680 424 habet
733 379 1094 442 conjunctivum,
1150 380 1464 428 indicativam
1517 376 1762 442 apodosis,

257 470 390 501 nunc
442 452 602 502 venio.
674 453 770 501 Per
821 452 1192 517 conjunctivum
1241 460 1326 501 aut
1366 453 1639 503 iterationis
1681 462 1764 503 aut

258 530 515 596 potentiali
551 531 603 579 vi
636 530 881 596 profertur
915 530 1154 579 condicio.

394 626 435 657 a.
483 608 705 657 Primum
740 608 907 673 igitur,
953 608 1086 672 quod
1130 608 1194 657 ad
1237 608 1547 658 iterationem
1592 609 1767 658 attinet

260 686 456 751 (praeter
490 686 543 734 in
577 686 654 750 iis,
692 704 803 751 quae
837 685 993 748 attuli,
1020 686 1300 751 exemplis),
1325 686 1552 735 Tacitum
1573 686 1766 735 mirum

258 765 311 812 in
343 764 546 813 modum
571 771 856 813 constanter
881 763 950 811 uti
978 763 1310 829 conjunctivo,
1348 764 1590 829 exemplis
1625 764 1766 813 facile

261 842 563 891 ostendetur.
658 841 982 891 Grammatici
1030 841 1232 906 quidem
1284 842 1479 905 docent,
1522 842 1768 891 inferioris

259 919 517 968 latinitatis
555 919 833 985 scriptores,
859 926 915 967 ut
949 919 1051 967 vim
1086 919 1361 968 iterationis
1397 919 1680 981 exhibeant,
1716 919 1769 967 in

262 997 569 1046 secundariis
605 997 1052 1060 enunciationibus,
1098 1004 1269 1046 contra
1305 1014 1492 1046 morem
1527 1004 1768 1059 veterum,

260 1093 500 1141 usurpare
554 1080 913 1145 conjunctivum,
958 1075 1273 1140 maximeque
1311 1075 1372 1124 de
1400 1080 1769 1144 plusquamper-

248 1159 396 1221 fecto,
422 1153 580 1202 rarius
605 1154 667 1202 de
692 1153 992 1218 imperfecto,
1021 1154 1153 1218 quod
1177 1160 1374 1218 tempus
1409 1153 1478 1202 ita
1513 1171 1613 1202 non
1639 1171 1769 1218 saepe
1832 1208 1835 1209 ⁷

261 1231 486 1280 adhiberi
522 1237 852 1294 commonent,
897 1231 1200 1280 mentionem
1242 1231 1491 1295 faciunt1).
1587 1230 1769 1280 Contra

262 1309 394 1374 apud
446 1309 560 1357 Tac.
611 1326 787 1357 enunc.
842 1309 1208 1358 condicionales
1262 1327 1315 1358 se
1351 1309 1550 1358 habent.
1652 1309 1770 1358 Fre-

262 1386 588 1451 quentissime
631 1386 765 1435 enim
810 1393 958 1450 atque
1010 1393 1295 1435 constanter
1348 1386 1625 1451 imperfecti
1662 1408 1770 1438 eon-

251 1469 493 1533 janetz'vas
531 1464 662 1529 (cum
685 1463 956 1512 indicativo
991 1463 1181 1529 imperf.
1209 1464 1261 1512 in
1297 1464 1502 1529 apodosi
1539 1464 1771 1529 conjunc-

261 1542 359 1607 tus)
385 1548 666 1607 usurpatur,
704 1541 754 1590 id
780 1542 913 1606 quod
949 1542 1081 1607 apud
1105 1542 1304 1590 Livium
1328 1560 1508 1604 rarum,
1537 1541 1771 1591 Suetonio

263 1620 641 1668 usitatissimum
677 1626 754 1668 est
771 1619 828 1684 ²),
866 1637 1027 1684 neque
1064 1620 1230 1669 minus
1266 1627 1551 1669 constanter
1584 1624 1772 1672 indica-

263 1703 384 1750 tivus
430 1701 637 1766 perfecti
673 1697 804 1762 (cum
834 1703 1088 1765 proesentis
1123 1698 1272 1747 indic.
1311 1698 1363 1746 in
1410 1698 1614 1763 apodosi
1657 1715 1773 1747 con-

254 1776 495 1841 junctus),
521 1781 812 1828 indicativus
839 1781 1305 1846 plasqaamperfeetz'
1341 1777 1472 1841 (cum
1508 1776 1656 1825 indic.
1684 1781 1773 1828 im—

256 1858 388 1922 perf.
425 1854 478 1901 in
513 1854 718 1919 apodosi
754 1854 1109 1919 conjunctusss).
1182 1854 1426 1919 Exempla
1467 1854 1669 1903 tandem
1705 1854 1774 1902 af-

263 1933 480 1981 feramus
532 1932 830 1997 imperfecti:
891 1933 1023 1981 Ann.
1080 1936 1125 1996 2,
1148 1935 1209 1980 33
1264 1938 1388 1985 Erat
1440 1933 1623 1998 quippe
1676 1935 1773 1983 fre-

265 2027 424 2074 quens
461 2009 787 2072 senatoribus,
815 2010 855 2058 si
888 2010 1009 2074 quid
1045 2028 1071 2058 e
1107 2010 1361 2075 republica
1387 2016 1642 2071 crederent,
1668 2010 1774 2058 loco

267 2087 526 2136 sententiae
560 2105 785 2152 promere
821 2118 883 2122 —
921 2090 982 2136 57
1021 2088 1062 2136 si
1099 2088 1298 2153 quando
1335 2093 1596 2151 adsideret,
1635 2095 1775 2136 atrox

267 2183 322 2214 ac
376 2165 640 2214 dissentire
694 2165 985 2214 manifestus
1030 2166 1134 2231 (int.
1174 2166 1292 2231 erat)
1335 2200 1401 2205 —
1439 2168 1483 2228 3,
1511 2168 1571 2214 69
1609 2166 1775 2230 Atque

266 2243 347 2291 ille
383 2243 604 2308 prudens
641 2243 946 2306 moderandi,
985 2244 1027 2292 si
1079 2244 1276 2309 propria
1317 2245 1388 2292 ira
1429 2261 1531 2292 non
1565 2248 1775 2311 impelle-

271 2335 397 2372 retur
432 2350 499 2356 —
534 2324 579 2384 4,
602 2323 629 2368 6
668 2339 724 2370 ac
762 2321 803 2370 si
840 2322 1039 2386 quando
1076 2327 1375 2389 disceptaret,
1419 2321 1578 2370 forum
1614 2328 1664 2369 et
1690 2321 1775 2386 jus

381 2455 413 2503 ¹)
445 2458 509 2493 Cfr
539 2458 703 2503 Madvig.
735 2458 755 2504 ξ
788 2459 877 2494 359.
908 2479 961 2484 —-
992 2459 1287 2494 Latum-Mallem
1323 2458 1343 2504 ξ
1379 2459 1454 2493 162
1487 2459 1530 2502 A,
1561 2470 1591 2500 c,
1621 2469 1705 2492 ann.
1737 2458 1772 2493 2.

271 2533 320 2538 --
362 2509 451 2556 108,
489 2525 572 2548 ann.
611 2516 646 2550 2.
676 2534 730 2539 —
772 2515 890 2549 Unum
922 2514 1130 2560 imperfecti
1159 2514 1366 2559 exemplum
1398 2514 1535 2559 praebet
1564 2514 1700 2549 Cicero:
1731 2513 1775 2547 de

270 2569 326 2603 Or.
361 2570 378 2603 1
414 2569 433 2615 ξ
467 2570 544 2604 232
577 2570 676 2607 Erat
706 2571 803 2604 enim
834 2570 991 2605 Athenis
1020 2582 1081 2605 reo
1111 2570 1297 2609 damnato,
1327 2571 1357 2604 si
1387 2570 1490 2604 fraus
1511 2569 1680 2614 capitalis
1700 2580 1774 2603 non

271 2631 373 2664 esset,
405 2626 508 2668 quasi
540 2637 666 2670 poenae
696 2627 910 2667 aestiniatio;
948 2626 1033 2660 vide
1063 2626 1236 2660 Heraeum
1268 2626 1312 2660 ad
1344 2625 1584 2667 Hist.1,49;
1615 2625 1775 2669 Draeger.

271 2680 316 2714 ad
361 2681 457 2714 Aun.
495 2682 530 2723 3,
550 2682 612 2716 69.
648 2702 701 2708 —-
737 2678 772 2726 2)
805 2682 956 2726 Drager,
987 2681 1053 2716 Stil
1083 2682 1116 2716 d.
1146 2681 1230 2716 Tac.
1261 2681 1281 2727 ξ
1318 2682 1405 2716 192.
1434 2701 1488 2706 —
1519 2677 1551 2724 3)
1583 2682 1613 2714 A
1646 2691 1774 2724 propo-

271 2736 340 2769 sito
371 2736 530 2770 alienum
561 2748 635 2770 non
665 2737 846 2779 videatur,
875 2737 1058 2781 quomodo
1087 2737 1170 2771 Tac.
1201 2737 1329 2771 modos
1359 2740 1442 2780 post
1462 2735 1676 2780 particulam
1698 2736 1773 2774 ubi,

272 2802 379 2833 quam
425 2792 554 2825 iisdem
591 2792 668 2826 sere
704 2792 849 2837 legibus
879 2793 1091 2827 obstrictam
1121 2803 1198 2826 esse
1228 2792 1360 2825 docent
1391 2790 1640 2832 Grammatici‚
1671 2789 1773 2824 adhi-

275 2847 354 2879 bere
399 2846 525 2893 soleat,
569 2847 697 2890 paucis
739 2858 931 2890 exponere.
990 2847 1151 2880 Primum
1197 2848 1293 2880 enim
1332 2846 1416 2880 huic
1452 2845 1650 2890 particulae,
1680 2845 1773 2879 sicut

273 2901 369 2944 apud
407 2901 552 2935 Livium
585 2901 687 2946 (vide
733 2902 941 2937 KtmNAs'r:
988 2902 1061 2938 Die
1092 2902 1367 2950 IIauptpunlvae
1403 2901 1472 2937 der
1509 2901 1772 2937 Liviam'schen

273 2956 430 2996 «δ’ωιΐαω,
473 2957 587 2999 1872,
626 2968 709 3001 pag.
742 2957 850 3000 237),
880 2957 932 2990 ita
963 2957 1059 3002 apud
1089 2956 1173 2993 Tac.
1206 2953 1583 3002 conjunctivus
1613 2956 1771 2990 iteratio-
