1944 3282
1561 207 1618 253 17

182 333 307 394 5,11
364 347 419 378 ac
473 326 523 375 ni
570 326 736 375 statim
788 326 1137 390 Hierosolyma
1197 329 1515 390 conciderent,
1585 344 1689 375 mo-

180 408 276 457 rari
315 408 419 473 (pro
462 404 645 467 futuro)
690 403 988 452 videbantur
1023 434 1079 439 —
1125 405 1267 465 5,13.
1305 423 1390 464 —3
1446 404 1567 469 Agr.
1609 406 1684 452 35.

314 482 463 532 Haud
518 499 636 530 sane
688 481 826 530 facile
879 488 955 529 est
1002 481 1286 545 dijudicatu,
1342 482 1687 547 conjunctivus

180 561 568 626 uniuscujusque
628 559 720 607 loci
779 566 945 606 utrum
1002 558 1284 624 potentialis
1339 559 1403 608 sit
1460 578 1524 608 an
1576 560 1687 608 ideo

178 646 458 704 usurpatus,
496 644 551 684 ut
586 637 746 685 aliena
783 636 1028 685 sententia
1064 637 1435 701 exprimeretur.
1497 638 1561 685 Et
1598 638 1687 686 du-

179 717 347 779 bitavi,
403 734 466 764 an
508 715 694 780 aliquot
737 715 977 780 exempla,
1025 732 1135 778 quae
1177 714 1332 777 attuli,
1387 733 1687 780 quamquam

178 795 230 843 in
267 793 469 859 apodosi
506 800 583 842 est
617 792 938 855 indicativus,
976 792 1044 841 ita
1079 792 1373 857 explicanda
1409 801 1596 856 essent,
1634 802 1689 841 ut

178 891 238 921 ex
266 872 426 921 alieno
450 878 599 933 mem,
628 871 873 920 sententia
898 888 1046 919 causa
1082 870 1384 935 conjunctivi
1422 871 1688 935 quaerenda

178 949 543 999 existimaretur
579 949 730 1012 (Ann.
771 952 814 1012 2,
837 952 880 997 4.
908 978 974 984 —
1007 950 1081 1010 13,
1105 949 1220 1011 41.).
1258 978 1325 983 —
1360 948 1419 995 In
1456 948 1534 996 his
1571 967 1686 997 con-

167 1027 453 1093 junctivum
489 1027 557 1075 ita
592 1026 973 1092 intelligendum
1010 1043 1210 1074 censeo:
1249 1026 1379 1074 Ann.
1412 1028 1569 1089 11,12
1599 1027 1687 1075 sed

178 1114 324 1168 certo,
364 1105 404 1154 si
449 1109 687 1167 abnueret,
725 1105 890 1167 exitio,
927 1134 994 1140 —
1029 1122 1117 1169 pro
1155 1103 1336 1152 solacio
1372 1104 1588 1153 habebat
1621 1134 1687 1140 ——

181 1187 255 1247 12,
278 1186 339 1231 42
386 1182 609 1232 nondum
652 1190 819 1230 tamen
861 1200 1055 1230 sumnia
1089 1181 1247 1230 moliri
1286 1182 1566 1247 Agrippina
1601 1201 1686 1232 au-

177 1261 338 1324 debat,
378 1261 427 1308 111
464 1295 528 1299 -
567 1265 914 1312 &asciverentur
949 1289 1015 1295 —
1044 1262 1119 1322 14,
1143 1262 1170 1306 3
1209 1259 1298 1307 sed
1334 1260 1463 1308 inter
1498 1261 1683 1325 epulas,

177 1339 219 1387 si
258 1344 480 1401 daretur,
523 1338 692 1386 referri
730 1338 792 1387 ad
828 1356 999 1387 casum
1035 1355 1134 1385 non
1170 1339 1412 1402 poterat¹)
1452 1368 1516 1373 —
1553 1339 1681 1387 Hist.

178 1420 221 1479 3,
243 1419 305 1464 26
345 1417 421 1465 sin
459 1416 753 1464 Bedriacum
790 1421 1022 1479 redirent,
1065 1415 1404 1464 intolerandus
1448 1416 1585 1465 labor
1619 1446 1686 1452 —

178 1497 303 1557 5,11
347 1494 547 1558 longius
589 1494 754 1542 ausuri
792 1501 854 1556 et,
894 1493 934 1542 si
980 1498 1291 1560 pelleremur,
1345 1502 1515 1559 parato
1567 1513 1684 1560 per—

177 1572 326 1637 fugio.
365 1606 431 1611 ——-

310 1649 380 1698 Ut
414 1649 465 1696 in
501 1668 654 1697 unum
691 1649 853 1698 locum
890 1649 1254 1698 condicionales
1299 1650 1593 1712 sententias,
1632 1651 1683 1698 in

175 1727 354 1791 quibus
404 1727 535 1775 inest
585 1731 903 1795 participium
948 1732 1130 1796 satiari,
1192 1746 1473 1792 congeram,
1535 1746 1680 1788 nunc,

175 1823 473 1870 quamquam
527 1823 700 1853 omnes
765 1823 924 1870 neque
984 1807 1354 1871 conjunctivum
1408 1806 1681 1871 imperfecti

174 1901 334 1948 neque
379 1883 696 1948 potentialem
737 1883 937 1947 habent,
992 1902 1080 1949 per
1133 1884 1441 1933 occasionem
1486 1902 1570 1932 eas
1614 1884 1682 1933 af-

174 1961 340 2009 feram.

307 2038 571 2103 Par-ticipio
631 2039 763 2087 enim
813 2039 962 2088 futuri
1016 2040 1068 2088 in
1121 2040 1465 2105 persequenda
1519 2039 1681 2088 brevi-

173 2123 272 2164 tate
327 2116 507 2180 saepius
561 2135 648 2181 pro
702 2118 935 2167 universa
978 2118 1211 2183 primaria-
1247 2119 1492 2166 sententia
1528 2118 1682 2165 utitur

173 2193 396 2254 Tacitus3
433 2194 484 2242 id
521 2195 652 2259 quod
689 2195 934 2260 prioribus
971 2196 1261 2245 inusitatum
1296 2197 1511 2261 primum
1549 2196 1678 2260 apud

175 2271 414 2335 Livium‘2)
440 2272 652 2320 inveniri
690 2281 738 2321 et
774 2274 906 2338 apud
943 2274 1206 2339 scriptores
1242 2273 1486 2322 inferioris
1523 2274 1680 2322 aetatis

175 2367 273 2397 non
309 2367 473 2397 rarum
510 2368 619 2399 esse
647 2351 765 2399 satis
802 2359 996 2400 constat
1009 2352 1057 2416 3).
1120 2351 1390 2416 Exemplis,
1420 2370 1529 2416 quae
1565 2370 1679 2400 con-

172 2426 332 2491 gessit
366 2427 572 2492 Draeger
609 2428 758 2491 (Hist.
795 2431 936 2491 3,19.
974 2459 1041 2464 -
1079 2432 1154 2477 56.
1193 2463 1258 2468 —
1294 2432 1338 2492 4,
1362 2432 1438 2477 37.
1463 2430 1674 2477 -Α1111.

176 2508 216 2564 1,
241 2508 315 2553 36.
354 2535 420 2540 -
455 2508 622 2570 2,17),
662 2506 907 2555 addantur
958 2508 1077 2570 haec,
1128 2526 1236 2571 quae
1282 2508 1344 2555 ad
1379 2508 1556 2572 prioris
1591 2525 1678 2572 ge-

287 2685 317 2733 l)
348 2689 521 2724 Forsitan
552 2690 813 2734 imperfectum
850 2702 916 2735 pro
947 2690 1218 2725 condioiondali
1254 2690 1290 2724 Π
1326 2690 1490 2734 positum
1521 2691 1587 2725 sit:
1621 2691 1677 2724 cfr

172 2743 251 2785 Liv,
285 2746 348 2789 22,
369 2746 418 2780 24
450 2757 518 2780 nec
549 2746 625 2780 acie
657 2750 797 2780 certare
821 2746 1004 2781 Hannibal
1036 2758 1144 2780 ausus
1176 2745 1280 2790 (est),
1315 2746 1399 2790 quia
1430 2750 1533 2780 tanta
1554 2747 1677 2791 pauci-

170 2805 247 2835 tate
284 2801 348 2835 vix
385 2804 516 2845 castra,
564 2802 593 2835 si
631 2807 954 2849 oppuynarentur,
1006 2802 1118 2836 tutari
1162 2806 1317 2849 poterat
1360 2802 1677 2843 (mitur-linium·

170 2868 255 2901 pag.
289 2857 398 2899 255).
429 2876 482 2881 —
520 2852 554 2901 2)
588 2856 757 2891 Ki'lhnast
788 2868 871 2902 pag.
903 2857 993 2891 267.
1024 2877 1077 2881 —
1108 2853 1142 2902 3)
1175 2855 1241 2890 Stil
1271 2856 1305 2890 d.
1335 2856 1418 2891 Tac.
1450 2856 1470 2902 ξ)
1506 2857 1593 2892 195.
1623 2877 1679 2882 -

170 2910 323 2955 Madvig
354 2911 373 2957 ξ
406 2912 497 2946 424.
527 2923 611 2946 ann.
635 2913 669 2947 5.

1476 2968 1497 3002 2
