1944 3282
1607 224 1634 269 9

196 345 389 410 piorum
423 343 654 392 manibus
689 342 827 391 locus
865 343 1140 408 (suppleasz
1196 344 1305 406 est),
1344 343 1385 392 si
1424 348 1704 410 emtinyuim-

197 437 274 475 tur
309 439 506 487 magnae
541 421 733 484 animae,
771 420 964 486 placide
1002 425 1230 489 quiescas.
1270 451 1325 456 —
1360 420 1512 486 Apud
1565 419 1704 469 Taci-

195 508 301 549 tum
326 499 471 548 latius
497 516 645 563 quam
672 498 805 564 apud
840 506 1030 548 ceteros
1067 499 1403 547 Romanorum
1440 498 1704 563 scriptores

198 596 320 627 usus
350 576 653 642 conjunctivi
682 580 890 644 perfecti
917 581 1200 645 potentialis
1236 577 1426 641 patetl).
1478 575 1604 624 Cum
1630 576 1704 624 in—

198 655 411 704 dicativo
463 654 723 720 praesentis
776 654 828 702 in
881 653 1066 720 protasi
1120 671 1295 702 enunc.
1350 654 1704 703 condicionalis

197 734 513 799 conjunctus:
568 733 699 780 Ann.
741 734 784 795 3,
809 735 871 781 50
909 732 964 795 si,
1002 738 1168 797 patres
1212 732 1494 796 conscripti,
1549 750 1703 780 unum

196 811 248 859 id
283 824 564 880 specimine&
603 841 668 848 —
703 815 986 877 suffecerint.
1104 809 1234 858 Hist.
1278 811 1400 871 1,16
1440 827 1502 858 116
1538 818 1702 859 tamen

196 888 394 937 territus
418 892 596 956 fueris,
635 888 677 937 si
714 888 825 936 duae
860 887 1412 953 legiones—nondum
1450 893 1701 956 quiescunt.

330 969 374 1014 2.
414 966 484 1015 Ut
507 966 571 1015 ad
595 966 983 1029 enunciationes,
1011 983 1134 1030 quas
1158 965 1207 1028 ii,
1243 965 1326 1030 qui
1363 965 1515 1014 libros
1541 984 1705 1030 gram-

198 1043 403 1092 maticos
440 1051 839 1110 composuerunt,
878 1043 1174 1109 potentiales
1211 1043 1476 1108 appellant,
1503 1062 1706 1109 progre-

198 1122 403 1185 diamur,
442 1122 658 1187 primum
694 1121 956 1171 observavi
993 1121 1164 1187 paucis
1189 1121 1309 1169 locis
1335 1121 1704 1186 conjunctivum

196 1199 457 1265 praesentis
493 1200 546 1248 in
581 1214 783 1269 utraque
819 1198 1181 1262 enunciatione,
1220 1207 1270 1247 et
1303 1199 1490 1264 protasi
1518 1207 1567 1247 et
1591 1217 1707 1264 apo-

199 1278 320 1340 dosi,
349 1296 649 1343 quamquam
676 1296 735 1327 ea
759 1277 961 1343 quidem
997 1277 1221 1342 legitima
1257 1284 1332 1328 est
1366 1277 1523 1325 forma
1560 1286 1705 1342 atque

198 1355 535 1420 usitatissima,
574 1357 707 1422 apud
743 1356 856 1405 Tac.
895 1355 1131 1417 inveniri3
1169 1373 1331 1420 neque
1368 1355 1596 1420 exempla
1633 1373 1706 1404 re-

198 1433 301 1498 peri
356 1433 453 1482 nisi
496 1433 549 1480 in
584 1433 814 1498 Dialogo:
873 1435 932 1481 16
972 1432 1104 1497 quod
1141 1433 1355 1498 spatium
1392 1433 1628 1498 temporis
1666 1433 1705 1481 si

198 1511 261 1560 ad
296 1510 633 1559 infirmitatem
670 1529 929 1577 corporum
966 1518 1247 1560 nostrorum
1273 1514 1472 1579 referas,
1499 1511 1706 1560 fortasse

198 1589 404 1654 longum
440 1593 660 1641 videatur
684 1619 740 1624 —
771 1591 833 1637 26
872 1596 1089 1638 ceterum
1129 1589 1169 1637 si
1207 1593 1425 1656 eliyenda
1456 1594 1516 1641 sit
1551 1589 1706 1638 forma

199 1666 411 1730 dicendi,
467 1670 635 1718 malim
687 1667 917 1732 herele2);
972 1674 1022 1715 et
1067 1667 1121 1714 in
1165 1667 1295 1715 Ann.
1344 1685 1520 1715 unum:
1578 1670 1619 1729 3,
1645 1670 1707 1716 54

198 1763 313 1794 nam
357 1744 399 1793 si
452 1750 590 1808 velis,
647 1749 828 1798 timeas.
867 1774 934 1781 —
969 1745 1029 1793 ln
1064 1745 1143 1794 his
1188 1745 1447 1794 sententiis
1500 1754 1706 1810 utraque

198 1822 479 1871 enunciatio
515 1822 667 1872 habet
702 1823 1089 1888 conjunctivum,
1128 1824 1362 1888 apodosis
1415 1831 1581 1872 autem
1623 1842 1709 1888 op-

198 1900 335 1948 tandi
389 1907 479 1949 cet.
535 1901 585 1948 vi
638 1901 903 1966 profertur:
977 1902 1077 1965 (14,
1100 1903 1126 1949 9
1185 1905 1392 1963 occidat,
1449 1901 1568 1949 dum
1621 1906 1709 1952 im—

193 1979 348 2046 peret)
381 2009 437 2014 —-
473 1979 594 2043 Agr.
634 1981 697 2027 46
736 1979 1061 2028 admiratione
1098 1986 1145 2027 te
1190 1979 1355 2044 potius
1409 1986 1459 2027 et
1509 1979 1708 2027 immor—

198 2055 379 2105 talibus
415 2056 660 2120 laudibus,
700 2064 749 2105 et
786 2057 826 2106 si
864 2064 1039 2106 natura
1073 2062 1357 2126 suppeditet,
1386 2056 1707 2105 similitudine

200 2138 425 2186 colamus.
453 2164 507 2169 —
543 2134 638 2183 Per
673 2135 1045 2200 conjunctivum
1076 2139 1282 2203 perfecti
1315 2134 1599 2200 potentialis
1632 2135 1708 2182 vis

198 2211 250 2258 in
286 2211 491 2276 apodosi
529 2213 842 2279 exprimitur:
897 2212 1029 2260 Ann.
1073 2215 1216 2274 14,56
1262 2213 1439 2277 quodsi
1494 2213 1707 2261 maxime

199 2289 504 2339 continentia
555 2299 639 2340 tua
692 2296 930 2353 laudetur,
986 2308 1087 2339 non
1131 2298 1299 2339 tamen
1354 2291 1565 2356 sapienti
1603 2291 1707 2338 viro

200 2367 434 2415 decorum
475 2372 634 2436 fuerit
689 2368 976 2434 (antecedit:
1035 2368 1076 2416 si
1112 2397 1168 2403 —
1203 2368 1476 2433 reliqueris,
1514 2388 1708 2417 —wer-

201 2444 422 2502 sabitur).

334 2522 518 2571 Contra
572 2523 854 2585 sententiae⁷
893 2541 1102 2588 quarum
1138 2523 1190 2570 111
1225 2523 1411 2588 protasi
1450 2530 1708 2593 conjuncti-

198 2622 283 2652 vus
337 2600 568 2666 adjuncta
613 2601 818 2667 apodosi
854 2605 1108 2653 indicativi
1142 2601 1403 2666 praesentis
1440 2601 1705 2664 invenitur,

199 2678 455 2743 permultae
493 2686 629 2740 sunt3
668 2688 814 2745 atque
851 2678 985 2727 haud
1023 2678 1124 2727 scio
1161 2696 1225 2727 an
1261 2696 1376 2728 vere
1414 2679 1511 2727 dici
1539 2680 1706 2744 possit.

312 2867 344 2916 1)
378 2871 476 2906 Hist.
506 2872 650 2918 Syntax
679 2883 764 2917 pag.
797 2871 888 2906 282.
908 2891 963 2896 -
994 2871 1164 2916 Draeger:
1211 2870 1332 2906 Ueber
1361 2869 1506 2916 Syntax
1536 2872 1611 2907 und
1641 2872 1708 2907 Stil

199 2926 262 2961 des
291 2926 441 2962 Tacitus
470 2928 628 2973 (1874),
659 2939 744 2973 pag.
779 2927 825 2961 12
872 2947 922 2953 -·-
953 2923 988 2975 ²)
1020 2926 1084 2961 cfr
1113 2938 1191 2971 cap.
1227 2927 1289 2962 10.
