1944 3282
409 334 472 379 44

339 462 516 511 modus
552 462 786 511 orationis
817 462 1042 528 obliquae,
1080 469 1165 511 aut
1199 461 1351 511 altero
1387 461 1539 510 verbo
1574 461 1839 527 insequen-

340 540 403 589 tis
455 539 623 605 partis,
680 557 789 605 quae
841 558 930 606 per
972 539 1266 605 particulam
1302 551 1344 591 et
1379 556 1491 588 cum
1528 538 1688 603 priore
1724 557 1839 588 con-

330 619 507 683 juncta
560 626 650 681 est,
706 618 847 683 quasi
900 617 1204 667 absorbetur.
1300 615 1386 665 Cfr
1435 616 1581 664 WEX.
1644 615 1835 682 Proleg.

341 714 453 761 pag.
486 697 593 744 116.
623 702 704 754 -—)
728 698 774 758 4,
795 697 856 743 29
895 703 944 744 et
980 695 1021 744 si
1050 695 1161 760 quis
1197 694 1403 743 audacia
1438 701 1523 743 aut
1555 693 1840 759 insignibus

339 773 596 838 effulgens,
635 773 698 821 ad
733 773 885 822 ictum
922 773 1238 822 destinabant
1275 772 1326 832 (1.
1365 789 1406 821 e.
1445 789 1544 834 eos,
1583 771 1667 836 qui
1704 771 1840 820 efful—

339 858 530 915 gerent,
570 850 610 900 si
648 851 731 915 qui
769 856 928 911 erant)
966 880 1020 885 —
1053 853 1098 913 4,
1119 852 1182 898 46
1219 868 1275 899 ac
1314 850 1355 898 si
1393 849 1477 915 qui
1513 849 1718 898 aliorum
1755 866 1839 898 ex—

341 928 598 992 ercituum,
638 929 902 994 separatim
940 928 1180 978 adsistere
1208 928 1354 994 jubet
1390 957 1443 962 —
1479 926 1539 976 G.
1578 929 1638 976 10
1665 926 1706 975 81
1730 944 1840 992 pro-

338 1006 625 1070 hibuerunt,
663 1007 797 1056 nulla
834 1041 897 1048 -
933 1006 1241 1070 consultatio,
1297 1005 1375 1054 sin
1427 1005 1748 1071 permissum,
1786 1032 1836 1039 —

338 1085 554 1149 exigitur
589 1118 655 1124 -
692 1085 812 1150 Agr.
861 1087 924 1134 24
966 1085 1117 1150 idque
1162 1084 1310 1133 etiam
1353 1083 1592 1134 adversus
1646 1081 1839 1130 Britan-

338 1162 472 1211 niam
507 1164 830 1228 profuturum,
869 1162 910 1211 si
946 1162 1169 1211 Romana
1203 1161 1387 1226 ubique
1430 1178 1566 1210 arma
1607 1190 1661 1195 -
1696 1162 1758 1208 46
1797 1160 1838 1208 81

338 1240 448 1304 quis
484 1240 677 1305 piorum
713 1240 943 1289 manibus
979 1240 1131 1303 locus,
1171 1239 1212 1288 si
1248 1239 1610 1304 extinguuntur
1647 1268 1710 1286 -·.

469 1318 548 1366 EX
584 1321 738 1370 verbo
775 1317 1098 1366 antecedente
1135 1324 1221 1365 aut
1255 1316 1430 1365 eadem
1465 1323 1550 1365 aut
1585 1315 1679 1364 alia
1710 1316 1838 1381 ejus-

337 1395 449 1443 dem
475 1395 615 1444 verbi
651 1395 805 1444 forma
842 1395 1089 1444 audienda
1124 1399 1273 1454 est¹):
1312 1394 1442 1442 Ann.
1474 1396 1515 1456 1,
1541 1395 1835 1455 74—4,17,

337 1471 394 1521 G.
439 1475 512 1522 10.
555 1508 607 1513 -
643 1476 721 1522 20.
762 1503 816 1508 -
853 1476 928 1522 33.
969 1508 1035 1513 -
1093 1501 1102 1508 -v

470 1551 565 1600 His
618 1551 740 1600 locis
792 1551 1092 1600 indicativus
1134 1550 1187 1598 in
1231 1549 1435 1615 apodosi
1478 1549 1838 1598 enunciationis

337 1628 691 1678 condicionalis
746 1637 823 1678 est
875 1629 1109 1678 omissus:
1165 1629 1294 1676 Ann.
1345 1630 1390 1691 2,
1413 1630 1488 1676 57.
1530 1658 1581 1664 ——
1617 1630 1662 1690 4,
1686 1630 1727 1676 6.
1773 1661 1839 1668 --

338 1708 412 1754 63.
453 1741 518 1746 -
557 1709 632 1769 11,
657 1709 734 1755 24.
783 1741 847 1747 —
903 1709 977 1770 12,
1003 1708 1043 1754 7.
1091 1736 1153 1742 —
1199 1708 1274 1754 37.
1314 1725 1399 1766 —3
1454 1705 1583 1754 Hist.
1640 1708 1733 1768 4,1
1777 1740 1839 1748 ..-

339 1785 412 1832 58.
443 1804 516 1845 -;
563 1783 622 1833 G.
655 1787 728 1836 17.
768 1804 855 1846 —3
893 1785 950 1833 D.
991 1787 1034 1833 9.
1062 1818 1128 1823 —
1163 1784 1221 1832 al.
1295 1783 1390 1832 His
1427 1791 1590 1832 autem
1627 1783 1837 1848 protasis

336 1867 709 1914 eonclicz'onczlem
752 1862 775 1910 I
829 1871 914 1912 aut
966 1862 1014 1910 H
1067 1862 1231 1925 habet,
1286 1861 1338 1910 in
1393 1861 1596 1927 apodosi
1650 1861 1838 1926 ellipsis

335 1939 473 1988 verbi
529 1961 624 1992 esse
678 1947 775 1989 est:
832 1943 961 1989 Ann.
1003 1942 1046 2003 6,
1064 1942 1127 1988 43
1166 1940 1207 1988 si
1245 1939 1411 1988 statim
1447 1939 1719 2004 petivisset,
1753 1957 1837 2004 op-

334 2035 507 2082 pressa
559 2019 898 2067 cunctantium
959 2018 1200 2067 dubitatio
1247 2047 1296 2052 —
1343 2020 1417 2079 15,
1442 2019 1485 2065 8.
1532 2046 1596 2053 -
1637 2020 1714 2065 42.
1760 2047 1834 2079 —,

338 2095 464 2144 Hist.
509 2099 549 2158 1,
573 2098 648 2144 89.
697 2115 773 2157 —3
811 2097 931 2161 Agr.
972 2098 1048 2144 23.
1089 2126 1141 2131 —

471 2173 677 2238 Semper
711 2174 763 2222 in
799 2174 1043 2223 infinitivo
1086 2178 1253 2242 futuri
1288 2182 1337 2222 et
1370 2178 1585 2240 perfecti,
1624 2173 1836 2237 plerum-

337 2267 431 2314 que
468 2250 519 2298 in
552 2257 821 2318 gerundivo
859 2273 955 2304 6336
991 2251 1290 2310 omittitur.‘-')
1377 2251 1436 2299 In
1472 2250 1753 2300 Annalibus
1789 2259 1836 2300 et

336 2327 584 2391 Historiis,
641 2346 939 2394 quamquam
992 2329 1263 2394 participia,
1302 2328 1579 2394 gerundiva
1616 2346 1715 2378 non
1751 2346 1836 2394 po-

337 2405 429 2454 sita
499 2414 615 2454 sunt
627 2407 678 2469 ³),
748 2407 1042 2455 insolentius
1100 2407 1391 2456 omittuntur
1449 2427 1545 2458 6886
1603 2415 1652 2454 et
1710 2410 1835 2474 fore.

337 2483 594 2549 Exempla,
634 2502 744 2549 quae
780 2485 1028 2547 annotavi,
1066 2485 1170 2533 haec
1203 2484 1303 2533 fere
1341 2491 1476 2533 sunt:
1535 2489 1652 2536 Esse
1688 2483 1835 2532 omis-

338 2578 445 2608 sum
502 2570 597 2610 est:
653 2564 781 2610 Ann.
826 2565 867 2625 1,
894 2566 966 2611 78.
1007 2593 1060 2598 —
1097 2566 1141 2625 2,
1166 2566 1193 2610 5
1237 2570 1287 2611 at
1329 2563 1369 2611 si
1425 2579 1557 2610 mare
1611 2562 1832 2622 intretur,

336 2647 612 2704 promptam
666 2640 788 2705 ipsis
841 2640 1208 2706 possessionem
1255 2672 1316 2677 —
1362 2641 1505 2702 2,14.
1553 2668 1605 2673 -
1649 2641 1724 2687 83.
1771 2668 1835 2675 -
1888 2686 1891 2688 a

338 2718 445 2777 3,6.
487 2747 537 2752 —
576 2719 618 2765 8.
658 2753 723 2759 —
760 2720 835 2766 33.
875 2749 927 2754 -
967 2721 1042 2766 34.
1082 2753 1147 2759 —
1184 2720 1260 2766 47.
1300 2747 1366 2754 —
1401 2719 1546 2779 4,28.
1578 2718 1835 2778 —6,2.-

336 2796 410 2841 22.
456 2824 512 2831 -
555 2797 695 2857 14,3.
736 2815 820 2855 -;
859 2795 987 2845 Hist.
1034 2798 1074 2855 1,
1105 2799 1179 2843 3⁵2.
1220 2825 1272 2830 -
1310 2797 1418 2857 aa.
1458 2824 1512 2829 -

456 2970 486 3017 ¹)
519 2974 582 3008 cfr
627 2974 724 3009 Hist.
758 2973 861 3019 Synt.
895 2985 978 3018 pag.
1016 2974 1103 3016 183,
1139 2974 1228 3009 191.
1260 2994 1313 2998 —
1344 2970 1377 3018 2)
1423 2973 1487 3008 Cfr
1531 2972 1711 3008 Ki'ihnast.
1748 2985 1831 3018 pag.

345 3025 441 3069 277;
489 3029 632 3070 Lupum,
663 3041 747 3074 pag.
781 3031 816 3064 4.
851 3049 903 3054 —-
935 3026 968 3074 ³)
1001 3029 1085 3063 vide
1116 3029 1279 3074 Madvig,
1311 3028 1330 3074 ξ
1363 3029 1440 3063 479
1474 3040 1504 3070 a,
1536 3039 1641 3070 auu.;
1688 3029 1707 3074 ξ
1740 3030 1831 3065 406.
