1944 3282
338 307 398 353 18

271 425 404 474 neris
441 423 814 473 similitudinem
850 422 1072 489 proxime
1109 411 1382 469 accedunt:
1419 421 1549 468 Ann.
1581 422 1695 482 1,45
1723 420 1761 467 si

271 503 532 568 imperium
558 502 868 564 detrectetur,
895 500 1024 549 bello
1050 512 1313 551 certaturus
1335 527 1394 533 -
1415 497 1474 545 D.
1503 500 1530 544 2
1557 496 1764 561 gloriam

271 586 532 642 habiturus,
572 579 612 627 si
649 610 713 614 —
748 579 999 627 videretur
1021 606 1087 613 —
1114 577 1242 624 Ann.
1281 579 1326 638 2,
1349 578 1410 623 63
1447 575 1562 622 vide
1599 592 1758 638 supra.

271 690 336 697 -—
389 658 447 706 In
482 658 560 706 his
597 657 657 705 de
693 674 746 704 re
793 674 893 705 non
936 655 1064 703 facta
1101 655 1286 719 agitur:
1346 654 1476 701 Ann.
1517 654 1644 714 2,17
1682 651 1764 699 illa

274 750 500 804 rupturus
554 737 662 799 (pro
716 734 932 798 rupisset
985 733 1064 781 vel
1117 739 1350 797 rupturus
1402 731 1535 794 fuit),
1595 729 1646 777 ni
1701 759 1761 763 -—-

271 813 570 878 objecissent
606 843 666 847 —
706 815 748 875 3,
774 814 834 860 66
896 811 935 859 si
989 818 1179 859 rectum
1232 810 1325 858 iter
1377 814 1606 873 pergeret
1661 807 1766 872 (pro

270 892 504 957 plusqu.),
531 890 594 939 ad
626 890 897 938 clarissima
922 907 1129 953 quaeque
1156 893 1335 939 iturum
1359 886 1606 935 festinatio
1643 886 1767 933 exti-

270 970 489 1018 mulabat
527 1000 585 1004 —
624 967 752 1016 Hist.
793 972 835 1030 3,
859 969 921 1015 54
976 984 1030 1015 ac
1078 967 1118 1014 si
1161 966 1331 1014 liceret
1374 966 1479 1031 (pro
1531 964 1765 1028 pluqu.),

270 1065 385 1096 vere
437 1052 692 1099 narraturi
727 1075 792 1081 --
827 1047 872 1108 4,
895 1047 954 1092 39
999 1043 1132 1092 haud
1187 1048 1412 1109 defutura,
1457 1043 1766 1092 consciorum

271 1143 435 1187 manu,
473 1124 524 1172 ni
563 1124 914 1172 Scribonianus
951 1122 1272 1186 abnuissetl).
1335 1121 1519 1170 Contra
1543 1128 1620 1170 est
1643 1121 1762 1186 Agr.

275 1206 315 1265 1,
355 1203 437 1250 ubi
481 1201 793 1267 participium
836 1219 924 1265 pro
974 1200 1265 1249 secundaria
1308 1218 1482 1248 enunc.
1522 1199 1772 1248 condicio-

271 1281 370 1329 nali
406 1281 621 1346 positum
658 1286 753 1327 est:
792 1296 939 1343 quam
977 1278 1214 1342 (veniam)
1239 1296 1339 1326 non
1362 1278 1600 1342 petissem
1636 1282 1770 1328 ineu-

272 1372 466 1410 saturus
518 1364 619 1406 tam
674 1374 803 1405 saeva
857 1364 906 1404 et
957 1356 1136 1404 infesta
1178 1356 1445 1404 virtutibus
1480 1363 1701 1420 tempora
1715 1356 1764 1420 2).

408 1438 449 1483 3.
506 1435 697 1497 Restat,
752 1442 807 1482 ut
858 1434 1230 1482 consideremus
1285 1434 1679 1497 enunciationes,
1717 1434 1767 1481 in

274 1514 453 1579 quibus
506 1513 706 1577 aliquid,
762 1512 893 1577 quod
937 1530 1068 1560 nunc
1121 1530 1221 1559 non
1274 1519 1350 1560 est
1392 1512 1473 1560 vel
1516 1511 1621 1575 erit,
1659 1529 1770 1560 esse

273 1592 353 1641 vel
387 1592 605 1639 futurum
643 1608 753 1639 esse
795 1590 1062 1654 cogitatui]
1109 1589 1159 1636 in
1196 1596 1403 1654 utraque
1440 1607 1614 1638 enunc.
1655 1607 1769 1637 con-

275 1670 530 1718 dicionalis
567 1669 589 1716 Ῑ
626 1669 901 1717 adhibetur.
974 1667 1303 1715 Inveniuntur
1345 1666 1592 1731 exempla:
1637 1667 1767 1714 Ann.

276 1752 320 1811 2,
344 1751 404 1796 35
460 1747 593 1796 haud
645 1746 892 1807 referrem,
947 1745 998 1793 ni
1048 1745 1260 1809 pretium
1304 1744 1430 1792 foret
1449 1746 1486 1808 3)
1523 1774 1589 1780 —
1624 1747 1668 1807 2,
1695 1747 1768 1792 71.

279 1856 342 1862 -
380 1829 454 1888 13,
477 1828 554 1873 21.
587 1844 673 1885 —3
712 1824 840 1872 Hist.
881 1826 925 1885 2,
949 1826 1006 1870 77
1052 1823 1207 1870 filium
1243 1823 1564 1888 adoptaturus
1602 1843 1771 1882 essem,

277 1905 318 1952 si
353 1905 461 1969 ipse
498 1909 787 1971 imperarem
832 1901 987 1964 (nullo
1032 1901 1126 1950 alio
1178 1901 1285 1950 loca
1333 1922 1478 1952 essem
1514 1918 1627 1949 cum
1662 1917 1773 1964 par-

274 1981 442 2046 ticipio
477 1981 626 2028 futuri
663 1981 980 2045 conjunctum
1017 1988 1115 2040 est;
1154 2001 1199 2032 63
1236 1979 1366 2026 Ann.
1398 1981 1472 2041 16,
1495 1981 1556 2026 22
1594 1978 1775 2026 frustra

277 2059 525 2122 amovisti,
574 2059 613 2107 si
649 2076 887 2124 passurus
930 2059 1005 2122 es)
1045 2092 1106 2096 —
1142 2057 1200 2104 D.
1243 2059 1284 2104 1.
1322 2086 1386 2091 —-
1424 2058 1500 2104 41.
1539 2085 1606 2091 —
1641 2056 1774 2120 Apo-

278 2137 412 2186 dosis
448 2155 548 2185 non
583 2137 727 2201 plene
764 2143 840 2184 est
876 2135 1077 2200 scripta:
1116 2135 1498 2197 Hist.1,15.—-
1524 2134 1603 2181 Ad
1641 2133 1773 2182 aliud

276 2232 438 2279 genus
492 2215 690 2262 dicendi
742 2214 1004 2262 transitum
1058 2220 1154 2261 est:
1193 2213 1322 2260 Ann.
1366 2214 1440 2275 14,
1462 2214 1525 2259 44
1564 2211 1604 2260 si
1642 2228 1772 2258 nunc

277 2293 490 2358 primum
529 2292 845 2340 statuendum
880 2291 1191 2354 haberemus,
1229 2290 1507 2338 creditisne.
1535 2323 1600 2329 -—
1635 2293 1774 2341 Plus-

391 2459 423 2508 l)
442 2462 570 2497 Futuri
601 2463 834 2507 participium
866 2463 901 2496 in
934 2462 1004 2496 abl.
1035 2462 1109 2496 abs.
1139 2462 1301 2507 positum
1332 2473 1452 2495 rarum
1483 2465 1548 2495 est.
1571 2459 1725 2503 Madvig
1755 2458 1775 2503 ξ

280 2519 371 2561 428,
409 2530 492 2553 ann.
524 2519 558 2553 3.
588 2538 642 2543 —
673 2519 794 2552 Etiam
833 2518 928 2552 Hist.
962 2519 1078 2561 2‚32.
1109 2538 1162 2542 —
1200 2518 1316 2560 3‚56.
1361 2537 1414 2541 —
1450 2512 1482 2561 2)
1528 2516 1586 2550 Ita
1629 2515 1777 2557 ORELLl,

279 2574 436 2617 RrrrER,
475 2574 608 2615 HALm;
640 2574 764 2608 ROTH:
809 2575 847 2608 ni
884 2578 1104 2609 cursaturus.
1165 2573 1281 2607 WEx:
1326 2574 1568 2607 ineusaturus.
1605 2571 1694 2605 Tam
1724 2589 1777 2594 -

280 2626 313 2672 3)
335 2630 483 2673 Forem,
515 2641 595 2673 quae
625 2629 745 2664 forma
769 2630 844 2672 vix,
875 2630 943 2663 nisi
976 2630 1013 2663 in
1044 2628 1357 2664 condicionalibus
1393 2628 1586 2662 sententiis
1616 2631 1651 2660 et
1681 2625 1778 2659 fina-

280 2685 387 2728 libus,
434 2685 542 2729 idque
582 2697 673 2728 ram,
719 2698 920 2733 numquam
951 2685 989 2718 in
1021 2687 1232 2733 compositis
1265 2684 1366 2718 verbi
1396 2683 1527 2718 formis
1557 2694 1577 2717 a
1607 2683 1779 2717 Cicerone

280 2740 490 2784 adhibetur,
529 2753 549 2775 a
584 2741 712 2775 Tacito
742 2740 859 2774 multo
890 2741 1121 2784 frequentius
1152 2751 1260 2784 quam
1299 2752 1410 2776 essem
1441 2742 1656 2783 usurpatur,
1689 2737 1779 2771 adeo

280 2800 321 2830 ut
350 2796 387 2829 in
418 2807 549 2832 enunc.
588 2797 731 2830 condic.
768 2795 1053 2830 innumerabilia
1082 2795 1158 2829 fere
1189 2795 1263 2828 sint
1292 2794 1458 2839 exempla
1487 2794 1617 2827 formae
1642 2793 1778 2840 forem,

281 2862 424 2895 perrara
453 2851 480 2885 f.
517 2864 627 2887 essem
661 2853 715 2894 (in
746 2850 942 2895 Dialogo);
983 2854 1092 2894 atque
1123 2850 1304 2894 praecipue
1334 2850 1372 2883 in
1403 2849 1615 2893 compositis
1651 2848 1781 2881 formis

283 2908 399 2946 forem
431 2910 545 2949 amat,
585 2917 726 2950 semper
756 2906 792 2939 in
820 2906 1199 2953 plusquamperfecto
1238 2906 1465 2950 conjunctivi
1494 2904 1640 2948 passivo
1670 2903 1782 2937 verbo

282 2973 452 3006 expresso
483 2961 635 3006 (praeter
665 2962 763 2994 Ann.
797 2961 955 3004 1242).
1002 2960 1065 2995 Cfr
1096 2960 1268 2994 Heraeuui
1299 2959 1344 2994 ad
1371 2959 1468 2994 Hist.
1504 2959 1614 3003 1,49.
1645 2978 1699 2983 ——
