1944 3282
377 378 421 424 ‘tv

478 375 532 423 In
561 383 769 439 utraque
805 389 998 435 enunc.,
1032 379 1083 420 et
1118 370 1410 419 secundaria
1445 376 1495 417 et
1529 368 1775 434 primaria,

480 456 801 521 conjunctivus
855 454 1113 519 prccsentis
1189 448 1262 511 (in
1314 446 1547 512 primaria
1599 464 1773 496 enunc.

479 529 628 578 etiam
660 530 881 598 perfecti)
913 533 1191 591 usurpatur,
1235 542 1387 589 quum
1424 523 1616 588 aliquid
1645 542 1776 572 nunc

479 624 578 655 non
615 624 739 671 esse,
779 606 866 654 sed
901 604 1007 653 fieri
1042 620 1190 669 posse
1227 602 1548 667 significatur.

612 683 795 747 [Quum
830 684 882 731 in
927 681 1128 731 secund.
1175 688 1300 731 sent.
1354 687 1621 744 usurpatur
1664 701 1782 748 per-

470 767 654 831 fectum
707 770 758 811 et
791 760 959 810 addita
1001 766 1078 808 est
1128 758 1270 823 prim.
1326 764 1450 806 sent.
1505 758 1781 823 praesentis,

483 840 610 890 actio
661 840 794 888 illius
847 844 960 887 ante
1013 836 1258 885 actionem
1299 835 1448 901 hujus
1489 835 1618 884 facta
1670 852 1782 884 esse

484 914 1203 983 significatur-))Antecedens».
1291 913 1352 962 In
1386 913 1620 978 primaria
1656 923 1781 962 sent.

485 995 683 1062 ponitur
733 998 1043 1055 indicativus,
1099 1009 1251 1056 quum
1304 1008 1615 1055 consequens
1673 1007 1786 1038 esse

485 1091 573 1139 pro
626 1080 758 1122 certo
794 1071 1098 1133 affirmatur]
1171 1069 1563 1118 Lattm.-M1'iller
1606 1068 1634 1134 ξ
1674 1070 1782 1116 178.

387 1155 430 1201 3.
486 1152 545 1200 111
576 1158 783 1215 utraque
819 1166 1011 1211 61111110.,
1050 1154 1100 1196 61
1134 1146 1427 1196 secundaria
1467 1154 1517 1195 et
1539 1145 1786 1211 primaria,

489 1232 809 1298 conjunctivus
844 1230 1113 1294 imperfecti
1154 1223 1529 1287 (condicionalis
1564 1224 1610 1286 I)
1645 1241 1788 1272 usur-

487 1315 645 1372 patur,
703 1323 855 1370 quum
907 1303 1093 1368 aliquid
1147 1320 1257 1352 6666
1292 1302 1373 1351 vel
1408 1301 1628 1350 futurum
1677 1317 1789 1349 esse

490 1384 747 1449 cogitatur,
791 1382 923 1447 quod
958 1399 1059 1430 non
1094 1387 1171 1429 est
1203 1379 1285 1428 vel
1320 1379 1433 1440 erit;
1470 1383 1791 1449 conjunctivus

482 1464 946 1533 plusquamperfecti
987 1457 1361 1522 (condicionalis
1392 1457 1479 1520 ΙΙ),
1518 1474 1671 1521 quum
1705 1455 1791 1504 alj-

494 1540 613 1606 quid
648 1539 801 1587 fuisse
838 1538 1096 1603 cogitatur,
1135 1536 1267 1601 quod
1302 1553 1404 1584 non
1438 1534 1543 1583 fuit.

627 1617 707 1680 [In
743 1616 944 1665 secund.
983 1622 1107 1664 sent.
1135 1613 1324 1664 condic.
1352 1613 1401 1661 Π
1428 1611 1618 1678 (prol),
1641 1628 1793 1676 (11111111

494 1715 552 1746 66
585 1704 806 1760 tempore
843 1693 1134 1742 antecedere
1171 1691 1513 1757 significatur]
1585 1689 1793 1738 Lattm-

496 1773 676 1823 Μ111161·
712 1772 740 1838 ξ
780 1774 888 1820 179.

430 1855 474 1902 Α
504 1850 756 1917 legitimis,
780 1868 902 1914 quas
938 1847 1274 1914 exposuimus,
1311 1845 1482 1894 formis
1517 1845 1652 1894 haud
1686 1862 1796 1893 raro

297 1933 410 1984 Tac.
464 1930 665 1979 recedit.
771 1927 934 1987 Quum
994 1934 1158 1975 autem
1212 1924 1360 1973 etiam
1413 1924 1545 1989 apud
1602 1930 1798 1971 veteres

300 2010 562 2075 scriptores
615 2005 852 2055 nonnulla
905 2004 1188 2069 discrepent
1239 2008 1386 2066 atque
1428 2001 1491 2050 ad
1532 2008 1687 2049 totam
1722 2017 1798 2048 ra-

300 2089 485 2137 tionem
537 2084 856 2145 condicionis,
895 2082 1053 2147 qualis
1099 2081 1176 2144 sit,
1214 2079 1613 2144 cognoscendam
1650 2077 1799 2126 etiam

301 2184 372 2229 66,
410 2182 520 2230 quae
556 2163 618 2212 ad
655 2162 824 2211 solitas
858 2161 998 2225 leges
1034 2157 1402 2208 accommodata
1439 2156 1551 2219 sint,
1594 2172 1800 2204 necesse

304 2245 367 2292 sit
402 2258 663 2307 exponere,
700 2240 770 2288 ita
801 2239 992 2301 faciam,
1030 2244 1085 2285 ut
1119 2236 1333 2302 primum
1370 2234 1642 2284 sententias
1677 2233 1801 2298 legi—

303 2322 421 2369 time
467 2319 810 2381 conformatas,
865 2316 1044 2365 deinde
1100 2332 1210 2379 quae
1262 2313 1427 2361 minus
1479 2312 1660 2360 usitata
1695 2311 1804 2359 visa

306 2400 418 2461 sint,
473 2413 781 2462 expromam3
838 2412 949 2443 cum
1005 2409 1231 2442 sermone
1284 2391 1518 2456 priorum,
1564 2396 1803 2454 quantum

308 2485 489 2542 potero,
527 2474 681 2523 Taciti
719 2472 981 2522 conferam.

443 2556 484 2601 1.
527 2552 669 2611 Quod
722 2551 784 2600 ad
836 2568 982 2600 usum
1032 2553 1284 2617 proesentis
1336 2547 1530 2609 attinet,
1584 2553 1661 2594 est
1703 2544 1807 2593 ani—

310 2629 739 2691 madvertendum,
795 2628 1066 2677 sententias
1118 2625 1443 2674 indicativum
1496 2623 1548 2671 in
1599 2632 1806 2686 utraque

310 2708 654 2758 enunciatione
706 2707 986 2772 praebentes
1040 2704 1136 2752 nisi
1188 2703 1241 2751 in
1293 2702 1502 2765 Dialogo
1538 2717 1639 2748 non
1676 2714 1806 2762 saepe

314 2784 536 2834 inveniri.
610 2783 889 2848 (Exempla,
925 2782 1010 2830 ubi
1063 2779 1316 2845 particulis
1368 2783 1464 2830 nisi
1519 2781 1657 2845 quocl,
1713 2779 1809 2826 nisi

308 2861 434 2921 ,torte
466 2862 717 2925 subjectus
753 2866 830 2907 est
863 2859 1028 2918 indie,
1056 2857 1187 2921 quod
1213 2855 1420 2904 solutius
1456 2872 1568 2902 cum
1605 2851 1808 2917 apodosi

316 2938 565 2987 vinculum
594 2937 793 2995 habent,
820 2953 919 2983 non
941 2935 1123 2996 affero).
1167 2937 1297 2982 Ann.
1326 2935 1434 2990 1,35
1463 2930 1807 2995 (historicum).
