1944 3282
409 340 474 386 40

338 476 412 519 se3
465 458 547 507 alii
606 458 871 524 ellipticam
929 477 1039 509 esse
1099 460 1297 509 dicendi
1356 461 1616 510 formulam
1675 462 1843 511 existi-

338 543 500 585 mant1
507 549 538 599 j.
629 536 837 602 Quoquo
891 537 1037 586 modo
1090 538 1332 604 explices,
1369 539 1424 587 in
1477 556 1536 588 ea
1582 540 1840 598 sententia,

338 632 449 679 quae
483 613 715 662 universe
752 621 829 662 est
863 615 1139 679 enunciata,
1194 634 1349 664 unum
1391 616 1472 665 vel
1507 634 1665 681 pauca
1698 634 1842 665 voca-

337 691 453 739 bula
489 692 595 754 (aut
629 691 877 740 interdum
913 699 1068 741 totam
1104 694 1250 758 sent.)
1287 693 1545 758 restringi,
1582 693 1723 742 facile
1759 711 1842 758 ap-

336 775 477 834 paret
512 768 619 832 (Ofr
653 769 794 817 Wex.
833 787 947 835 pag.
990 772 1120 835 121).
1192 770 1449 836 Exempla,
1487 771 1572 819 ubi
1596 771 1845 820 antecedit

338 846 555 912 negatio,
592 847 698 895 haec
735 854 875 896 sunt:
913 848 1043 896 Ann.
1078 851 1120 911 1,
1143 851 1185 897 8.
1209 879 1271 883 —-
1296 850 1370 899 16.
1393 879 1456 883 —
1478 850 1522 911 3,
1548 851 1591 900 1.
1613 879 1674 883 --
1697 851 1741 911 6,
1762 851 1838 897 24.

339 955 399 958 —
441 927 516 987 11,
535 927 612 972 24.
652 953 707 968 1·--
756 930 831 987 14,
852 927 930 974 40.
971 955 1036 961 -—
1075 928 1150 990 16,
1176 928 1217 975 7.
1258 946 1350 987 ——3
1397 926 1527 975 Hist.
1568 928 1612 989 3,
1634 928 1712 974 28.
1752 946 1840 986 —3

337 1001 397 1050 G.
437 1004 480 1050 9.
504 1032 565 1037 ——
596 1004 755 1050 17.—
779 1005 941 1050 29.-
965 1006 1043 1052 40.
1067 1035 1130 1038 —
1168 1004 1228 1053 In
1271 1004 1502 1053 omnibus
1546 1004 1667 1053 locis
1708 1004 1838 1052 Ann.

338 1080 534 1144 (praeter
572 1082 615 1146 1,
637 1081 687 1142 8)
723 1084 1065 1150 impeffeotum,
1104 1081 1234 1130 Hist.
1275 1085 1318 1144 3,
1357 1084 1420 1130 28
1452 1085 1741 1150 perfeetum;
1790 1081 1844 1128 in

338 1157 398 1206 G.
452 1157 636 1222 ubique
682 1178 898 1224 praesens
950 1163 1202 1212 indicativi
1253 1166 1544 1224 usurpatum
1600 1166 1688 1208 est.
1763 1159 1842 1207 Ad

334 1235 432 1284 alia
467 1252 542 1283 ex.
571 1235 932 1284 consideranda
955 1237 1360 1301 progrediamur:
1385 1237 1515 1285 Ann.
1547 1239 1588 1299 1,
1609 1238 1670 1284 33
1696 1242 1842 1300 atque

336 1313 446 1378 ipsa
470 1312 749 1377 Agrippina
772 1313 936 1377 paullo
973 1321 1251 1366 commotior
1287 1321 1406 1376 erat,
1444 1318 1539 1365 nisi
1575 1320 1700 1382 qaod
1737 1331 1842 1362 cas-

334 1391 476 1439 titate
511 1398 561 1439 et
596 1390 758 1439 mariti
794 1408 959 1439 amore
996 1391 1224 1455 quamvis
1275 1391 1572 1439 indomitum
1622 1391 1843 1440 animum

336 1468 388 1516 in
424 1468 609 1517 bonum
645 1468 883 1517 vertebat.
955 1468 1036 1516 Ad
1072 1469 1120 1520 h.
1146 1468 1176 1517 1.
1216 1469 1372 1517 Roth:
1411 1486 1491 1517 »er
1527 1473 1661 1519 kann
1686 1468 1842 1517 durch

337 1551 433 1598 nisi
483 1551 608 1614 quod
660 1545 799 1594 nicht
851 1546 939 1594 das
993 1545 1359 1595 einschranken
1396 1545 1588 1609 wellen,
1627 1546 1744 1595 dass
1780 1548 1839 1597 A.

336 1623 625 1672 commotior
659 1641 896 1688 gewesen
932 1623 1024 1684 sei3
1062 1641 1177 1672 man
1213 1642 1351 1672 muss
1387 1623 1698 1672 hindenken:
1735 1628 1842 1675 und

337 1701 485 1749 fehlte
531 1701 686 1750 damit
739 1701 866 1750 auch
919 1719 1018 1750 von
1065 1701 1198 1749 ihrer
1235 1700 1408 1750 Seite».
1498 1701 1678 1750 Melius
1723 1702 1840 1750 sim-

337 1778 634 1844 pliciusque:
679 1795 872 1830 »comm
910 1778 1015 1841 fuit,
1055 1779 1144 1827 sed
1179 1779 1260 1842 ita,
1299 1786 1354 1827 ut
1389 1797 1489 1828 non
1525 1779 1589 1827 ad
1624 1779 1841 1828 facinora

337 1856 494 1921 abripi
531 1874 584 1905 se
619 1864 895 1922 pateretur»
933 1856 1026 1921 (cfr
1060 1856 1227 1920 Wex.)
1271 1882 1321 1897 z
1364 1857 1465 1906 sed.
1491 1890 1554 1896 —
1591 1860 1637 1920 2,
1661 1859 1719 1905 19
1759 1857 1840 1905 sil-

336 1952 425 1984 vas
461 1952 656 1999 quoque
691 1934 936 1999 profunda
970 1934 1112 1999 palus
1149 1939 1375 1997 ambibat,
1423 1940 1518 1986 nisi
1554 1940 1675 2003 quod
1711 1934 1839 1983 latus

337 2029 491 2059 unum
544 2012 831 2076 Angrivarii
884 2011 981 2060 lato
1034 2029 1220 2076 aggere
1273 2012 1552 2061 extulerant
1596 2046 1659 2051 —
1705 2015 1748 2074 3,
1777 2015 1836 2061 57

338 2094 476 2141 solita
531 2103 779 2152 censerent,
837 2095 929 2141 nisi
982 2094 1105 2157 quod
1149 2090 1214 2138 M.
1262 2089 1459 2139 Silanus
1507 2121 1563 2125 —
1601 2091 1839 2139 honorem

337 2167 646 2232 principibus
681 2167 939 2232 petivit—
966 2169 1028 2215 68
1066 2172 1232 2219 eadem
1268 2172 1416 2227 ceteri,
1454 2172 1548 2220 nisi
1583 2174 1710 2236 quod
1745 2167 1834 2216 Cn.

339 2244 579 2292 Leutulus
609 2275 668 2279 ——
695 2244 821 2292 dixit
845 2274 908 2280 ——
933 2247 978 2307 4,
1002 2247 1061 2293 52
1099 2250 1394 2312 prosperiore
1431 2250 1708 2314 eloquentia,
1746 2251 1839 2297 visi

337 2327 460 2390 quod
495 2351 558 2357 —-
595 2328 714 2370 aetas
752 2322 967 2386 dempsit
1001 2353 1064 2357 -—
1104 2325 1264 2386 12,16
1303 2328 1548 2385 munitam,
1587 2327 1683 2375 nisi
1714 2328 1840 2391 quod

339 2399 533 2448 moenia
585 2399 804 2448 invalida
855 2407 995 2448 erant
1039 2431 1092 2435 —
1131 2403 1207 2464 14,
1231 2403 1306 2448 14.
1344 2431 1399 2436 —
1433 2400 1563 2449 Hist.
1602 2402 1648 2463 4,
1670 2403 1745 2448 39.
1786 2435 1836 2441 —

338 2477 398 2525 Gr.
427 2480 489 2525 25
527 2478 768 2542 (servum)
804 2477 1027 2526 occidere
1065 2478 1225 2527 solent
1261 2508 1327 2540 —,
1366 2491 1416 2529 ut
1451 2483 1707 2540 inimicum,
1745 2483 1839 2530 nisi

338 2560 467 2622 quod
520 2554 721 2619 impune
775 2562 851 2603 est
893 2555 942 2618 (i.
981 2573 1021 2604 e.
1061 2555 1317 2604 inimicum
1352 2555 1576 2604 occidere
1613 2574 1712 2604 non
1748 2556 1837 2603 im-

338 2649 470 2696 pune
524 2639 614 2695 est,
668 2639 718 2680 at
770 2649 944 2681 servus
997 2632 1199 2697 impune
1237 2632 1489 2683 occiditur.
1569 2633 1745 2697 Kritz).
1786 2669 1835 2672 —

339 2712 459 2773 Agr.
489 2712 515 2757 6
542 2709 775 2758 vixerunt
793 2715 919 2762 miro,
939 2710 1214 2773 concordia,
1235 2727 1323 2775 per
1344 2716 1564 2758 mutuam
1584 2711 1836 2760 caritatem

454 2864 485 2912 ¹)
517 2868 581 2902 Cfr
622 2867 687 2902 Stil
733 2868 766 2901 d.
803 2868 886 2902 Tac.
918 2868 937 2913 ξ
973 2869 1062 2903 199.
1092 2888 1144 2893 --
1183 2868 1304 2902 Hand.
1336 2869 1372 2910 4,
1403 2878 1486 2912 pag.
1518 2867 1608 2901 234.
1646 2886 1699 2891 -—-
1730 2867 1834 2900 Roth.

341 2925 427 2967 Agr.
458 2934 542 2967 pag.
574 2923 664 2957 255.
695 2943 747 2947 —-
778 2923 922 2966 Moneo,
953 2923 1049 2967 quod
1080 2923 1289 2958 observavit
1319 2921 1439 2966 Spitta
1469 2923 1570 2966 (pag.
1606 2923 1693 2963 151,
1727 2922 1834 2965 147).

341 2977 518 3022 particula
561 2983 809 3014 verumtamen
858 2978 958 3012 nullo
1002 2978 1092 3020 loco,
1138 2984 1301 3014 (litamen
1347 2977 1489 3012 duobus
1535 2977 1624 3012 locis
1666 2976 1832 3012 Tacitum

339 3044 417 3067 esse
447 3044 563 3067 usum.
