1944 3282
385 318 447 363 30

449 435 641 484 Deinde
696 437 820 486 duos
872 437 1006 486 locos
1059 439 1378 505 explicemus,
1433 442 1494 490 de
1545 443 1723 507 quibus
1766 445 1813 508 ii,

316 512 397 576 qui
440 513 492 560 in
530 513 725 579 scriptis
761 515 915 564 Taciti
953 517 1135 565 versati
1174 525 1301 581 sunt,
1339 519 1536 584 copiose
1573 520 1817 570 disserue-

314 597 448 637 runt:
487 590 607 655 Agr.
647 594 678 639 4
714 592 952 641 Memoria
986 601 1131 642 teneo
1167 595 1363 643 solitum
1414 596 1578 661 ipsum
1619 615 1815 647 narrare

315 685 366 714 se
401 668 561 732 prima
595 669 647 716 in
674 669 885 733 juventa
922 671 1140 719 studium
1176 673 1500 739 philosophiae
1536 675 1711 738 acrius,
1744 677 1817 724 ul-

313 753 387 793 tra
439 763 587 810 quam
630 764 922 795 concessum
964 749 1186 798 Romano
1230 768 1285 798 ac
1323 752 1551 815 senatori,
1589 758 1815 815 hausisse,

314 822 363 869 ni
398 823 661 887 prudentia
696 815 866 874 matris
902 826 1161 875 incensum
1199 846 1254 876 ac
1278 828 1571 893 fiagrantem
1597 831 1815 879 animum

313 906 597 952 coercuisset.
635 932 701 938 —
739 905 798 950 13
852 906 1077 971 Agyitasse
1127 905 1308 954 Gaium
1353 906 1600 955 Caesarem
1646 909 1706 957 de
1742 909 1816 956 in-

311 978 488 1026 tranda
523 979 777 1028 Britannia
814 982 932 1029 satis
969 990 1175 1046 constat,
1212 983 1264 1030 ni
1300 984 1446 1033 velox
1478 985 1681 1050 ingenio
1714 1005 1816 1035 mo-

313 1054 397 1102 bili
449 1056 778 1121 poenitentiae,
834 1066 884 1106 et
934 1060 1165 1124 ingentes
1212 1061 1451 1110 adversus
1497 1062 1812 1112 Germaniam

312 1140 517 1181 conatus
552 1134 733 1183 frustra
757 1140 986 1203 fuissem.
1059 1138 1128 1186 Ut
1163 1139 1300 1203 prius
1337 1141 1816 1205 exemplumconsi-

313 1209 556 1273 deremus,
612 1211 885 1276 legitimam
939 1215 1145 1264 formam
1198 1224 1345 1264 rectae
1397 1219 1631 1267 orationis
1684 1219 1814 1284 apud

313 1287 600 1338 Ciceronem
631 1307 740 1338 esse
773 1296 1049 1355 hausissem,
1087 1312 1502 1358 commoneamus,
1541 1314 1650 1361 quae
1687 1297 1727 1345 si
1764 1298 1814 1345 iu

312 1364 511 1429 obliqua
563 1385 628 1414 or.
684 1376 908 1432 ponatur,
962 1375 1247 1422 hausturum
1277 1376 1439 1439 fuisse
1482 1373 1568 1422 fiat
1610 1392 1813 1424 necesse

311 1449 388 1490 est
405 1444 454 1507 ¹).
508 1443 764 1510 Exemplis
801 1454 979 1509 autem,
1019 1466 1129 1512 quae
1162 1449 1316 1497 multa
1343 1468 1490 1515 supra
1515 1451 1659 1500 allata
1684 1461 1812 1514 sunt,

313 1520 480 1569 videre
530 1522 658 1585 licet,
709 1523 761 1571 in
814 1525 1033 1592 apodosi,
1089 1545 1241 1590 quum
1303 1528 1527 1577 condicio
1584 1529 1653 1577 rei
1714 1548 1813 1580 non

314 1599 451 1646 factae
487 1600 654 1648 addita
691 1601 767 1664 sit,
806 1610 890 1650 aut
931 1607 1259 1671 imperfectum
1307 1605 1417 1669 (''de
1463 1607 1692 1672 conatu”)
1731 1616 1815 1656 aut

304 1680 833 1745 plusquampeifectum
887 1685 1141 1732 indicativi
1199 1700 1329 1747 saepe
1389 1683 1624 1733 adhibere
1697 1685 1809 1733 Tac.

313 1754 545 1818 Agricola
581 1756 620 1803 si
658 1756 803 1805 dixit:
840 1762 1118 1810 hauriebam
1155 1760 1369 1822 (haurire
1406 1766 1699 1826 coeperam),
1734 1781 1813 1811 co-

310 1832 550 1895 gitatione
575 1833 669 1881 alia
704 1835 933 1883 addenda
969 1843 1045 1883 est
1079 1837 1330 1901 apodosis:
1369 1839 1450 1887 '’et
1484 1839 1536 1886 in
1566 1858 1624 1888 eo
1650 1841 1812 1889 studio

312 1910 669 1974 perrexissem''
710 1912 889 1977 (Kritz)
929 1913 1007 1961 vel
1044 1914 1126 1962 '’et
1156 1922 1257 1963 toto
1283 1916 1446 1965 animo
1471 1917 1808 1966 imbibissem’'

312 1987 503 2050 (Wex);
530 1995 579 2036 et
602 1988 654 2036 in
679 1989 772 2037 obl.
802 2008 867 2038 or.
897 2008 957 2039 ex
983 1996 1262 2045 hauriebam
1283 1993 1436 2041 oritur
1453 1999 1668 2046 hausisse
1683 1997 1812 2059 2).—

313 2064 536 2113 Alterum
572 2066 854 2131 exemplum
890 2068 1081 2117 facilius
1110 2070 1172 2118 ad
1200 2070 1579 2135 intelligendum
1604 2080 1700 2133 est;
1726 2091 1812 2122 ne-

313 2142 495 2190 minem
532 2143 664 2191 enim
700 2145 983 2209 praeteribit,
1020 2147 1226 2195 formam
1254 2156 1400 2196 rectae
1426 2150 1659 2198 orationis
1683 2152 1810 2200 hanc

310 2236 441 2268 esse:
496 2224 760 2287 '’atqitabat''
807 2223 868 2270 de
910 2223 1139 2274 intranda
1184 2226 1262 2273 ΒΓ.
1306 2225 1420 2288 (intz
1458 2235 1508 2274 et
1541 2228 1808 2291 intrasset),

312 2297 362 2344 ni
401 2327 475 2345 ——.
515 2298 593 2345 Ex
628 2298 704 2361 iis,
760 2318 870 2364 quae
913 2302 1138 2366 exposita
1181 2311 1309 2366 sunt,
1353 2304 1645 2354 concludere
1682 2306 1808 2365 licet,

312 2374 443 2423 locos
493 2375 603 2424 illos
656 2375 718 2424 ad
770 2377 1143 2428 similitudinem
1186 2382 1409 2446 proxime
1452 2384 1686 2432 accedere
1730 2401 1810 2432 eo-

310 2469 433 2515 rum,
471 2470 581 2517 quae
615 2453 668 2501 in
703 2462 836 2503 recta
871 2474 937 2504 or.
977 2458 1137 2521 posita
1173 2477 1321 2524 supra
1345 2460 1611 2510 attulimus.
1667 2461 1809 2520 Quod

424 2618 456 2667 l)
488 2623 628 2660 Lattm.
646 2644 699 2648 —
717 2625 859 2661 Bluller
887 2626 1010 2661 minus
1039 2632 1144 2662 caute
1174 2628 1294 2673 egisse
1322 2629 1507 2674 videntur,
1528 2642 1639 2674 quum
1661 2631 1808 2665 dieunt:

310 2677 506 2712 ''zuweilen
543 2678 593 2712 ist
626 2679 757 2723 jedoch
795 2685 885 2715 statt
919 2682 982 2716 der
1011 2687 1126 2718 etwas
1154 2684 1447 2719 umstfindlichen
1477 2685 1808 2731 periphrastischen

313 2732 420 2766 Form
451 2733 513 2767 der
543 2733 664 2781 Infin.
683 2736 851 2783 Perfecti
880 2739 1052 2782 gesetzt’'.
1096 2739 1222 2783 Neque
1253 2740 1349 2774 enim
1381 2741 1431 2775 sic
1461 2741 1563 2775 infin.
1594 2745 1807 2786 usurpatum

311 2791 420 2832 atque
464 2788 563 2822 aliud
600 2794 656 2824 est
685 2794 853 2839 potuisse
891 2793 1007 2837 (Hist.
1046 2795 1080 2837 2,
1099 2795 1179 2838 26),
1210 2795 1381 2831 debuisse
1412 2796 1528 2840 (Hist.
1559 2798 1594 2840 4,
1614 2797 1696 2841 85),
1727 2808 1807 2840 quae

311 2843 440 2877 formae
465 2845 571 2891 perf.
601 2845 719 2882 indie.
752 2858 801 2880 or.
831 2851 938 2881 rectae
968 2849 1202 2893 respondent.
1222 2869 1275 2874 —
1297 2847 1331 2893 ²)
1372 2851 1462 2887 Wecc
1491 2851 1535 2885 de
1565 2851 1642 2885 h.1.
1663 2852 1807 2896 copiose

311 2898 533 2942 disputavit3
591 2900 708 2943 primo
751 2901 977 2936 infinitivum
1020 2903 1150 2937 formae
1186 2908 1293 2938 rectae
1323 2906 1498 2940 orationis
1527 2906 1725 2942 hauseram
1754 2919 1806 2941 re-

312 2953 489 2997 spondere
509 2955 670 2997 censuit3
699 2966 806 2999 quam
828 2958 1045 2992 senteutiam
1075 2963 1200 3003 postea
1231 2961 1391 3003 retraxit,
1408 2961 1524 3005 quod:
1555 2962 1636 3006 ''qui
1666 2962 1804 3006 aliqua·

312 3013 418 3042 tenus
446 3008 579 3052 hausit,
607 3009 651 3044 de
678 3022 720 3044 eo
741 3022 939 3056 numquam
961 3013 1089 3049 dicunt.
1110 3014 1231 3049 Latini
1261 3016 1469 3053 hauserat''.
1487 3036 1543 3042 —
