1944 3282
379 289 443 335 24

316 408 607 473 exprimitur
641 408 713 471 id,
759 409 890 473 quod
950 415 1105 479 officii,
1162 416 1491 479 possibilitatis
1534 422 1622 476 est,
1678 415 1808 478 quod

313 491 449 548 decet,
502 486 589 534 sed
641 504 742 534 non
777 487 832 534 fit
870 487 1116 551 (debebam,
1152 494 1354 553 decebat,
1384 503 1634 556 poteram;
1679 512 1806 542 eram

311 580 423 610 cum
455 568 720 629 yerundivo
757 563 837 612 vel
874 570 1098 632 adjectivo
1135 571 1342 618 neutrius
1364 572 1551 634 yeneris
1576 569 1808 632 conjunc-

309 639 446 704 tum).
541 644 844 693 Inslz‘cativus
898 646 1100 710 perfecti
1156 651 1259 691 tum
1319 652 1595 710 usurpatur,
1657 664 1807 710 quum

309 717 532 766 condicio
567 718 619 765 in
657 724 973 771 condicionali
1008 724 1069 771 II
1102 729 1178 769 est
1220 722 1393 787 posita,
1439 741 1535 787 quo
1577 723 1808 788 exprimi-

308 800 387 841 tur
439 794 504 857 id,
561 797 692 859 quod
746 797 892 846 officii
936 806 1025 846 cet.
1083 799 1192 862 fuit,
1238 800 1326 848 sed
1361 818 1461 848 non
1496 800 1679 849 factum
1717 810 1805 850 est.

307 870 630 936 Consequens
668 875 807 938 quasi
844 893 873 924 a
908 876 1197 925 condicione
1235 876 1447 925 solutum
1489 885 1539 926 et
1576 879 1651 927 sui
1679 879 1808 943 juris

310 966 419 997 esse
472 951 717 1014 cogitatur
771 953 995 1018 (Madvig
1030 954 1057 1019 ξ
1096 956 1227 1019 348).
1308 955 1528 1003 Primum
1580 957 1808 1021 exempla

306 1026 443 1075 verbi
489 1049 648 1094 posse,
703 1048 812 1094 quae
864 1031 995 1095 apud
1039 1031 1263 1080 Tacitum
1300 1032 1489 1096 inveni,
1528 1033 1803 1082 afferantur.

305 1103 486 1153 Nostro
540 1107 854 1172 conjunctivo
907 1112 1099 1174 plusqu.
1158 1110 1479 1175 respondent:
1535 1111 1664 1159 Hist.
1711 1114 1803 1173 3,9

306 1182 481 1246 quodsi
517 1183 757 1232 adfuisset
791 1186 928 1249 fides,
968 1194 1052 1235 aut
1087 1188 1295 1253 opprimi
1332 1188 1579 1236 universis
1616 1189 1807 1237 Vitelli-

305 1277 510 1307 anorum
554 1261 743 1310 viribus
798 1263 907 1311 duae
965 1264 1203 1329 legiones,
1264 1266 1485 1314 nondum
1543 1267 1806 1331 conjuncto

303 1337 520 1386 Moesico
557 1339 789 1403 exercitii,
837 1354 1044 1407 potuere,
1099 1351 1183 1390 aut
1234 1377 1299 1382 —
1342 1343 1702 1392 conscivissent
1741 1377 1806 1383 —

303 1417 348 1477 4,
373 1417 434 1462 34
488 1434 635 1480 quem
690 1417 730 1465 si
785 1418 950 1466 statim
1003 1419 1255 1485 impellere
1314 1438 1610 1484 cursumque
1666 1422 1804 1486 sequi

303 1499 619 1558 maturasset,
677 1495 866 1544 solvere
920 1497 1167 1546 obsidium
1219 1498 1473 1563 legionum
1509 1498 1683 1547 eodem
1719 1498 1808 1546 im-

303 1578 419 1634 petu
452 1577 620 1638 potuit.
693 1574 814 1637 Agr.
851 1576 909 1621 31
959 1593 1014 1623 ac
1060 1575 1156 1624 nisi
1202 1576 1407 1625 felicitas
1443 1576 1493 1623 in
1531 1576 1804 1624 socordiam

301 1648 545 1712 vertisset,
585 1667 765 1698 exuere
793 1651 976 1716 jugum
1004 1667 1200 1720 potuere
1239 1683 1300 1688 —
1333 1653 1390 1701 D.
1423 1656 1481 1700 17
1519 1653 1587 1701 ita
1624 1653 1664 1701 si
1690 1672 1803 1702 eum

300 1758 362 1766 —-
400 1725 481 1773 vel
516 1727 777 1791 captivitas
815 1729 894 1777 vel
931 1730 1161 1782 voluntas
1198 1730 1277 1779 vel
1314 1731 1467 1779 fatum
1513 1731 1711 1795 aliquod
1752 1732 1803 1780 in

303 1802 475 1851 urbem
528 1806 871 1868 pertraxisset,
927 1826 1065 1872 aeque
1103 1808 1235 1857 idem
1272 1816 1322 1856 et
1357 1808 1605 1857 Oaesarem
1640 1809 1803 1874 ipsum

302 1886 351 1928 et
402 1880 692 1930 Ciceronem
742 1884 910 1933 audire
956 1890 1123 1952 potuit.
1222 1886 1298 1933 Illi
1340 1886 1433 1935 loci
1487 1886 1681 1951 vulgari
1735 1887 1803 1936 lo-

300 1958 482 2022 quendi
520 1961 868 2012 consuetudini
913 1964 1269 2012 accommodati
1296 1972 1424 2012 sunt.
1488 1964 1614 2013 Sunt
1637 1972 1803 2014 tamen

301 2035 411 2099 duo,
449 2036 533 2085 ubi
571 2042 892 2106 imperfectum
935 2040 1189 2090 indicativi
1234 2048 1402 2090 nostro
1438 2046 1803 2110 plusquamper-

290 2117 412 2180 fecto
463 2121 578 2181 conj.
622 2117 902 2180 respondet,
957 2117 1008 2165 id
1052 2119 1184 2182 quod
1236 2119 1389 2167 multo
1442 2120 1599 2168 rarius
1653 2122 1801 2184 est¹):

300 2191 429 2239 Ann.
474 2194 635 2254 15,1Ο
687 2193 887 2242 retineri
941 2202 1100 2245 castra
1145 2204 1195 2245 et
1229 2196 1360 2245 eludi
1397 2196 1608 2245 Parthus
1644 2205 1802 2247 tractu

297 2267 412 2316 belli
442 2283 639 2336 poterat,
679 2270 719 2318 si
757 2271 892 2320 Paeto
928 2280 1012 2321 aut
1046 2273 1097 2321 in
1135 2275 1238 2323 suis
1274 2282 1358 2322 aut
1393 2274 1444 2322 in
1480 2275 1653 2324 alienis
1686 2294 1801 2324 con-

301 2345 423 2394 siliis
482 2348 760 2396 constantia
812 2349 998 2398 fuisset.
1038 2384 1104 2390 ——
1140 2352 1268 2400 Hist.
1309 2355 1435 2415 4,19
1491 2361 1540 2400 et
1591 2354 1800 2418 opprimi

293 2436 525 2490 poterant,
581 2425 621 2473 si
674 2425 788 2475 hinc
840 2428 1177 2493 Hordeonius,
1232 2429 1348 2478 inde
1402 2429 1596 2493 Gallus,
1653 2431 1798 2480 motis

298 2501 543 2566 utrimque
597 2503 765 2567 copiis,
820 2506 1011 2554 medios
1063 2506 1370 2556 clausissent.
1425 2538 1491 2544 ——-
1544 2508 1638 2571 (De
1692 2508 1797 2557 loco

300 2579 428 2627 Ami.
471 2582 545 2643 14,
569 2583 597 2627 3
633 2581 748 2629 vide
785 2585 966 2646 supra).
1005 2615 1070 2622 ——

411 2756 442 2804 l)
474 2762 556 2796 Duo
587 2763 698 2797 etiam
730 2765 826 2808 apud
856 2765 1022 2809 Livium3
1055 2767 1140 2801 vide
1171 2767 1387 2802 JOHANSON:
1420 2769 1486 2803 »de
1516 2780 1584 2803 usu
1605 2770 1796 2804 modorum

298 2816 334 2849 in
364 2816 488 2850 verbis
519 2817 664 2862 debere,
697 2831 826 2863 posse,
859 2821 968 2854 simil.
999 2822 1035 2854 in
1067 2822 1249 2865 primariis
1288 2824 1483 2858 sententiis
1521 2824 1664 2858 condic.
1709 2836 1794 2869 pag.

299 2871 363 2904 34.
394 2889 449 2894 -—-
478 2872 633 2916 Draeger
663 2874 874 2918 contendit,
907 2880 1081 2922 poteram
1117 2878 1302 2922 praeeipue
1333 2879 1377 2912 de
1409 2880 1599 2922 praeterito
1629 2883 1796 2924 ternpore

298 2925 390 2969 diei;
435 2927 636 2961 »zweitens
685 2929 770 2963 aber
808 2929 900 2963 auch
936 2942 1010 2964 von
1056 2931 1119 2965 der
1165 2931 1423 2977 Gegenwart».
1507 2934 1605 2969 Hist.
1653 2934 1796 2980 Syntax

299 2991 384 3025 pag.
418 2982 510 3016 271.
541 2999 594 3006 -—-
