1944 3282
1587 244 1650 289 43

356 365 464 414 Hac
506 364 558 412 in
601 371 824 414 extrema
874 372 1013 430 parte
1059 365 1120 414 de
1158 363 1418 413 sententiis
1472 362 1720 412 condicio-

220 443 438 506 nalibus,
475 442 526 490 in
564 442 745 507 quibus
780 442 968 507 ellipsis
1004 442 1144 491 verbi
1195 462 1291 494 esse
1341 441 1505 490 locum
1553 440 1717 503 habet,

220 538 377 585 pauca
428 519 704 585 expediam.
793 521 959 585 Atque
1012 519 1209 585 ellipsin
1243 519 1376 568 illam
1411 518 1463 566 in
1497 517 1721 566 formulis

222 597 534 663 quibusdam,
559 597 906 662 locutionibus,
939 616 1050 664 quae
1083 598 1137 646 in
1173 596 1585 646 consuetudinem
1608 613 1720 661 pro-

222 675 377 724 verbii
415 675 686 739 venissent,
713 675 906 725 Latinis
942 676 1175 725 usitatam
1210 692 1336 738 esse,
1374 674 1459 722 vix
1496 691 1619 738 opus
1645 681 1722 722 est

222 771 301 802 me
353 758 724 813 commonerel).
809 754 875 803 Et
930 757 1088 807 Cicero
1133 752 1334 818 quidem
1369 769 1478 800 raro
1514 751 1721 800 verbum

223 831 416 895 omittit,
467 831 519 880 in
571 831 818 897 primariis
871 838 1063 880 tantum
1121 828 1381 879 sententiis
1435 837 1485 877 et
1539 828 1722 877 formas

215 915 471 976 proesentz's
505 914 778 971 indicativi3
839 909 924 974 qui
959 908 1161 974 quidem
1195 925 1332 970 usus,
1370 907 1503 971 apud
1539 906 1723 955 Sallus·

220 987 345 1036 tium
381 995 431 1036 et
465 987 705 1046 Livium2)
729 987 1045 1052 frequentior,
1073 986 1205 1051 aqud
1229 985 1454 1033 Tacitum
1482 983 1721 1033 latissime

220 1073 368 1129 patet,
405 1073 474 1130 ut,
513 1084 610 1130 quo
646 1072 723 1114 est
746 1065 827 1114 ille
853 1065 1018 1114 studio
1042 1063 1300 1113 brevitatis
1325 1062 1584 1124 adductus,
1613 1079 1723 1110 ver-

221 1143 341 1191 bum
378 1164 473 1195 esse
507 1161 609 1192 non
645 1143 805 1192 solum
841 1144 893 1191 in
929 1142 1199 1191 indicativo
1253 1141 1400 1190 modo
1453 1148 1503 1188 et
1537 1140 1589 1188 in
1625 1140 1724 1205 pri—

222 1220 390 1269 mariis
443 1221 727 1283 sententiis,
772 1221 824 1270 id
869 1221 1002 1286 quod
1037 1238 1190 1286 prope
1225 1220 1278 1268 in
1314 1218 1723 1268 consuetudinem

224 1316 276 1347 se
301 1298 463 1361 vertit,
502 1306 591 1348 sed
628 1299 776 1348 etiam
813 1300 864 1348 in
901 1304 1188 1367 conjunctivo
1225 1297 1372 1347 modo
1409 1304 1459 1346 et
1494 1301 1718 1350 secunda-

227 1381 311 1428 riis
347 1377 608 1426 sententiis
649 1377 783 1426 haud
823 1395 933 1426 raro
987 1376 1194 1425 omittat.
1299 1374 1475 1440 Neque
1529 1373 1725 1423 silentio

222 1455 622 1519 praetereundum
675 1461 765 1517 est,
820 1455 1050 1518 editores,
1106 1472 1259 1519 quum
1296 1453 1510 1518 aliquem
1546 1452 1723 1513 locum,

224 1533 307 1598 qui
344 1533 528 1582 omisso
553 1533 706 1582 verbo
731 1532 1016 1596 offenderet,
1052 1532 1378 1595 invenissent,
1417 1538 1588 1580 contra
1612 1547 1726 1579 auc-

223 1611 472 1660 toritatem
497 1611 725 1660 codicum
751 1610 960 1660 verbum
979 1610 1291 1671 addidissess).
1348 1609 1555 1674 Draeger
1572 1608 1721 1668 (Hist.

226 1689 365 1754 Synt.
404 1706 518 1754 pag.
561 1691 677 1750 1803
739 1687 832 1737 Stil
867 1687 913 1736 d.
952 1687 1066 1736 Tac.
1106 1688 1134 1754 ξ
1173 1691 1253 1747 36)
1306 1687 1535 1752 exempla
1588 1686 1729 1735 affert

224 1767 395 1816 omissi
448 1766 588 1815 verbi
637 1773 751 1831 post
801 1766 1068 1831 particulas
1107 1779 1382 1834 postquam,
1420 1771 1577 1828 donec,
1617 1769 1725 1816 dum

224 1844 307 1907 al,
343 1862 499 1893 unum
534 1851 649 1909 post
683 1849 745 1896 si:
793 1844 925 1892 Ann.
967 1846 1010 1907 1,
1037 1846 1101 1892 28
1138 1844 1324 1893 accitur
1358 1843 1580 1892 centurio
1617 1842 1727 1891 Cle-

223 1940 366 1971 mens
402 1929 453 1971 et
487 1922 529 1971 si
564 1921 646 1970 alii
682 1922 811 1987 grati
849 1922 902 1970 in
938 1922 1135 1987 milgus.
1231 1922 1323 1985 Illi,
1378 1939 1488 1986 quae
1540 1921 1724 1982 inveni,

225 2000 492 2049 addantur:
531 2001 662 2048 Ann.
704 2002 746 2064 1,
767 2002 831 2051 40
867 2001 949 2049 vel
985 2000 1027 2049 si
1061 2000 1158 2065 ipsi
1195 1999 1328 2048 salus
1349 1999 1462 2047 Vilis
1487 1998 1724 2058 (auditurz

226 2082 378 2138 esset),
416 2096 503 2126 cur
537 2078 745 2127 haberet
778 2108 845 2114 —
879 2082 926 2142 2,
948 2081 1010 2126 38
1046 2078 1333 2126 intendetur
1386 2076 1630 2139 socordia,
1687 2076 1725 2124 si

226 2155 391 2204 nullus
422 2173 484 2203 ex
521 2173 575 2205 se
611 2163 774 2204 metus
816 2164 900 2204 aut
953 2174 1068 2221 spes
1121 2155 1279 2215 (aud.:
1335 2160 1439 2209 erit)
1477 2184 1525 2190 —
1569 2157 1644 2217 12,
1663 2156 1724 2201 41

227 2233 374 2281 etiam
427 2233 712 2282 libertorum
750 2234 791 2282 si
828 2233 940 2299 quis
975 2234 1260 2298 incorrupta
1310 2232 1430 2296 fide,
1469 2231 1730 2297 depellitur

227 2310 310 2359 tali
348 2311 606 2360 occa-sione
643 2341 696 2347 —-
724 2314 881 2374 15,11
920 2311 1143 2377 peditum
1181 2311 1221 2360 si
1259 2311 1370 2376 quis
1405 2311 1600 2374 integer
1623 2309 1729 2358 lon-

228 2389 417 2453 ginqua
451 2396 502 2437 et
536 2389 661 2451 avia,
699 2389 943 2438 vulnerati
979 2396 1140 2438 castra
1183 2389 1458 2454 repetivere
1493 2422 1559 2428 -—
1595 2387 1725 2435 Hist.

229 2469 273 2527 4,
298 2468 358 2513 13
395 2466 474 2514 cui
513 2467 762 2515 excidium
798 2466 1112 2529 adventabat,
1143 2466 1183 2514 si
1209 2466 1599 2530 redintegratum
1625 2465 1717 2513 bel-

229 2544 331 2591 lum
386 2550 436 2591 et
479 2578 540 2583 -
584 2544 892 2610 inrupissent
925 2574 979 2579 —
1016 2544 1220 2604 (Annot.
1268 2547 1453 2605 Essem,
1490 2542 1574 2591 ubi
1612 2560 1728 2591 vere

230 2629 306 2669 est
358 2622 712 2686 condicionale,
768 2640 1038 2688 numquam
1091 2622 1346 2684 omittitur,
1400 2621 1496 2669 nisi
1533 2632 1617 2670 aut
1653 2628 1731 2669 est

371 2779 403 2828 1)
434 2781 678 2828 ΝέἰὲθΙεῦειοῙι,
722 2793 808 2827 pag.
853 2782 932 2817 506
979 2793 1098 2826 sequ.;
1148 2781 1246 2816 Hist.
1291 2780 1396 2826 Synt.
1433 2792 1518 2826 pag.
1555 2781 1643 2816 171.
1676 2801 1728 2805 —

230 2835 263 2882 2)
295 2837 487 2873 Kiihnast:
518 2838 609 2872 »Die
638 2837 698 2873 en.
729 2849 802 2872 von
841 2844 906 2881 est,
951 2844 1037 2874 sunt
1085 2837 1134 2872 ist
1177 2837 1235 2871 bei
1275 2836 1357 2873 Liv.
1389 2837 1550 2874 &bemus
1580 2837 1731 2884 kausis),-

230 2894 591 2938 verhffltnissmassig
619 2894 734 2931 selten
773 2893 943 2939 dagegen
979 2893 1038 2928 die
1068 2893 1127 2929 ell.
1158 2904 1231 2927 von
1265 2899 1358 2937 erat,
1391 2899 1512 2937 erant,
1536 2893 1647 2940 fzcit'l
1676 2912 1731 2917 -

230 2945 264 2991 ³3)
294 2949 380 2984 vide
409 2950 509 2985 Hist.
541 2949 646 2995 Synt.
676 2961 760 2995 pag.
796 2950 894 2990 1803
924 2948 1055 2984 Philol.
1087 2949 1150 2991 26,
1181 2960 1265 2994 pag.
1300 2949 1389 2984 112.
