1944 3282
181 670 468 750 Scriptores
510 690 774 748 argenteae,
813 701 924 749 quae
958 683 1110 748 vulgo
1146 691 1372 746 vocatur,
1426 681 1683 731 latinitatis

179 781 278 812 non
313 762 366 810 in
401 779 495 810 usu
532 761 842 826 singulorum
878 761 1025 810 modo
1061 761 1340 824 verborum,
1380 760 1561 826 quibus
1597 778 1682 808 no-

178 858 292 890 vam
328 839 509 905 saepius
545 839 648 887 vim
673 847 723 888 et
747 839 1161 905 significationem
1189 839 1393 902 addunt,
1421 838 1511 887 sed
1535 838 1682 887 etiam

177 921 230 967 in
263 917 586 984 grammatica
621 917 810 966 ratione
846 936 875 967 a
910 917 1268 967 consuetudine
1305 917 1483 982 prioris
1508 916 1681 979 aetatis,

178 1014 330 1061 quum
366 995 539 1060 lingua
574 995 638 1044 ad
675 1013 920 1044 summam
956 995 1310 1061 perfectionem
1347 994 1562 1043 adducta
1592 1002 1681 1056 est,

177 1073 311 1122 haud
369 1091 478 1122 raro
532 1073 788 1122 discedere
843 1073 963 1122 satis
1013 1080 1219 1122 constat.
1309 1073 1475 1137 Atque
1531 1090 1682 1137 quum

178 1151 318 1200 multi
354 1151 447 1200 viri
485 1158 535 1200 et
570 1151 700 1200 docti
737 1151 789 1199 in
825 1169 883 1200 eo
919 1151 1134 1199 maxime
1171 1151 1482 1214 elaborarint,
1520 1158 1576 1198 ut
1602 1157 1685 1198 aut

177 1229 337 1295 qualis
371 1229 607 1278 universa
641 1236 776 1278 esset
810 1229 1020 1278 elocutio
1054 1229 1364 1294 singulorum
1391 1228 1682 1293 scriptorum

178 1314 538 1372 cognoscerent
581 1314 666 1356 aut
711 1325 834 1372 quas
879 1307 948 1355 illi
984 1307 1124 1372 leges
1160 1307 1211 1355 in
1248 1325 1347 1356 una
1383 1307 1596 1372 quadam
1632 1325 1683 1355 re

180 1385 335 1435 secuti
372 1392 555 1449 essent,
582 1385 766 1434 factum
804 1392 895 1448 est,
931 1392 988 1433 ut
1022 1385 1190 1448 multa,
1229 1403 1339 1450 quae
1375 1385 1680 1450 singulorum

177 1463 374 1530 propria
410 1471 461 1512 et
494 1463 777 1512 communia
811 1462 1148 1528 compluribus
1192 1463 1305 1526 sint,
1359 1463 1536 1512 melius
1578 1464 1682 1529 jam

178 1541 407 1590 sciamus.
467 1541 749 1590 Praesertim
785 1541 846 1590 de
883 1541 1118 1606 loquendi
1143 1542 1503 1590 consuetudine
1528 1541 1681 1590 Taciti

179 1627 280 1668 tam
315 1620 468 1669 multa
504 1619 583 1668 his
618 1620 763 1668 annis
800 1619 983 1684 scripta
1019 1627 1155 1683 sunt,
1201 1627 1256 1667 ut
1301 1619 1541 1668 rationem
1579 1619 1685 1685 ejus

180 1697 260 1746 vel
311 1698 364 1745 in
415 1697 773 1762 componendis
819 1698 1096 1746 enunciatis
1132 1698 1212 1746 vel
1248 1697 1299 1745 in
1336 1698 1503 1746 verbis
1539 1697 1685 1746 collo—

178 1775 353 1824 candis
405 1781 455 1824 et
505 1775 855 1841 proprietatem
891 1775 1242 1840 particularum
1278 1782 1564 1841 perspectas
1587 1776 1686 1824 „ha—

180 1854 400 1902 beamus.
489 1853 640 1902 Pauci
685 1861 849 1902 autem
888 1854 949 1902 de
987 1854 1200 1919 singulis
1237 1853 1683 1914 enunciationibus,

181 1931 351 1996 quales
386 1932 509 1996 ipsae
543 1938 726 1995 essent,
763 1932 1156 1997 disputaverunt.
1218 1933 1506 1995 WoLFFLIN,
1533 1949 1682 1996 quum

179 2009 287 2058 »die
323 2009 613 2074 genetische
639 2009 1029 2075 Entwickelung
1054 2010 1142 2059 des
1167 2010 1514 2059 Taciteischen
1540 2010 1684 2059 Stils»

180 2094 516 2151 perscrutatur
551 2087 907 2151 (PHILOLOGUS.
964 2088 1249 2137 Zeitschrift
1300 2088 1378 2136 fur
1429 2088 1518 2137 das
1556 2088 1686 2137 klas—

182 2165 345 2213 sische
398 2164 680 2213 Alterthum
733 2183 833 2214 von
885 2166 1039 2215 Ernst
1073 2185 1172 2215 von
1208 2167 1454 2215 LEUTscH.
1546 2166 1683 2215 Band

181 2244 343 2290 (Εὖ-2
353 2242 396 2307 7)
424 2242 486 2290 de
511 2242 618 2291 aliis
643 2243 1075 2293 enunciationibus
1100 2245 1338 2293 nonnulla
1361 2244 1442 2293 ille
1468 2244 1684 2309 quidem,

182 2321 244 2368 de
281 2319 704 2369 condicionalibus
740 2321 864 2368 nihil
899 2321 999 2370 fere
1036 2322 1306 2371 annotavit.
1371 2321 1506 2381 Quas
1532 2340 1685 2370 enun-

182 2398 420 2446 ciationes
457 2397 498 2446 si
534 2398 832 2462 inspicerem
869 2417 1021 2462 quum
1058 2417 1258 2464 operam
1312 2417 1390 2448 me
1434 2418 1533 2448 non
1578 2418 1685 2465 per—

183 2477 400 2524 diturum
441 2482 682 2540 putarem,
736 2477 965 2541 exempla
1000 2495 1148 2541 quam
1185 2477 1552 2526 accuratissime
1589 2478 1685 2526 col—

181 2555 336 2619 ligere
372 2560 422 2602 et
457 2553 719 2618 disponere
756 2553 1013 2615 constitui;
1068 2555 1200 2619 quod
1248 2573 1399 2619 quum
1436 2573 1587 2620 prope
1624 2555 1683 2603 ad

182 2633 331 2680 finem
369 2632 476 2696 jam
530 2638 664 2680 esset
715 2632 1024 2696 perductum,
1078 2632 1383 2681 Germanum
1421 2633 1682 2697 quendam„

183 2709 578 2758 Maximilianum
631 2709 968 2775 Morgenroth,
1020 2718 1075 2758 ut
1126 2728 1197 2773 ea,
1253 2729 1363 2775 quae
1406 2710 1685 2775 scripsisset

182 2788 415 2851 Wolfflin,
453 2787 674 2852 pleniora
709 2787 912 2852 faceret,
950 2788 1136 2852 aliquid
1173 2788 1234 2837 de
1271 2806 1329 2837 ea
1364 2806 1415 2837 re
1452 2789 1683 2839 edidisse.

182 2864 408 2928 cognovi.
504 2865 667 2923 Quum
703 2865 906 2914 tandem
943 2865 1063 2914 mihi
1100 2866 1407 2930 contigisset,
1445 2874 1500 2914 ut
1535 2867 1683 2933 scrip-
