1944 3282
1579 226 1642 272 23

212 348 526 414 conjunctivo
578 346 940 395 enunciationis
989 346 1293 395 secundariae
1345 353 1548 410 apparet
1609 345 1712 411 (Ch-

213 427 432 491 Madvig.
489 425 517 490 ξ
556 426 664 472 348.
705 424 749 472 d.
788 454 854 459 —
889 424 1290 473 Lattm-Mffller.
1347 423 1374 488 ξ
1432 426 1540 487 179,
1595 442 1706 473 ann.

214 508 265 565 43
319 504 532 553 maxime
576 520 604 550 a
645 502 817 567 poetis,
872 502 1024 550 veluti
1078 502 1196 550 Hor.
1237 501 1328 550 Od.
1368 501 1432 564 H,
1474 503 1606 567 171).
1646 537 1710 542 --

213 585 342 630 Ann.
373 585 415 644 6,
437 584 464 629 9
503 592 958 648 contremuerantque
995 587 1174 645 patres,
1212 580 1263 627 ni
1291 579 1466 628 Celsus
1492 579 1709 644 Appium

214 669 263 709 et
281 659 551 709 Calvisium
589 657 861 706 discrimini
898 657 1246 706 exemisset—
1265 657 1385 721 Agr.
1415 660 1475 704 37
1503 658 1710 706 circum-

212 738 282 787 ire
329 746 470 802 terga
505 735 813 784 vincentium
850 748 1108 803 coeperant,
1146 735 1197 782 ni
1233 735 1284 783 id
1320 735 1485 800 ipsum
1520 735 1709 784 veritus

212 815 445 881 Agricola
479 843 541 849 —
587 813 914 878 opposuisset.
1013 813 1104 861 Illa
1139 812 1621 878 plusquamperfecta
1657 831 1708 861 re

211 911 329 941 vera
369 892 655 957 imperfecta
698 909 807 939 esse
856 891 976 939 dicit
1010 891 1201 955 Wex2).
1242 920 1305 925 —
1349 890 1479 938 Ann.
1519 894 1564 953 4,
1587 894 1614 939 9
1653 909 1708 939 ac

212 971 252 1019 si
289 970 491 1019 modum
527 970 734 1019 orationi
759 969 1020 1034 posuisset,
1047 968 1384 1017 misericordia
1420 969 1495 1016 sui
1531 969 1710 1033 gloria-

210 1066 305 1113 que
342 1049 533 1097 animos
569 1048 876 1097 audientium
921 1051 1199 1114 impleverat
1237 1047 1362 1111 (int.:
1400 1046 1528 1095 hade
1565 1047 1709 1096 verk-

209 1126 341 1190 ligen
398 1126 631 1192 uppfyllt,
670 1126 763 1174 och
799 1125 884 1173 det
921 1124 1079 1173 skulle
1124 1129 1177 1173 sa
1213 1124 1470 1187 forblifvit,
1509 1125 1605 1189 om)
1644 1154 1710 1160 -—

211 1206 254 1265 6,
276 1206 338 1251 43
376 1222 432 1252 ac
470 1205 511 1252 si
537 1235 601 1239 ——
625 1203 898 1269 petivisset,
946 1223 1177 1270 oppressa
1217 1202 1549 1267 (subauditum
1587 1204 1705 1267 erat)

209 1312 272 1316 —-
318 1284 394 1344 11,
417 1285 477 1329 37
516 1301 571 1331 ac
607 1283 659 1330 ni
705 1281 893 1330 caedem
937 1281 1043 1329 eius
1089 1280 1353 1329 Narcissus
1397 1281 1708 1345 properavis-

209 1367 298 1422 set,
332 1372 533 1411 verterat
569 1360 814 1425 pernicies
849 1359 901 1406 in
937 1358 1302 1408 accusationem
1338 1389 1401 1394 -—
1440 1361 1516 1421 15,
1539 1361 1567 1406 8
1603 1359 1709 1423 glo-

207 1438 390 1503 riaeque
427 1446 476 1487 et
511 1438 691 1503 praedae
726 1437 952 1486 nonnihil
983 1450 1200 1504 partum,
1240 1436 1281 1484 si
1317 1466 1383 1471 —
1417 1436 1709 1486 habuissent

207 1552 273 1557 -
310 1519 370 1563 37
408 1516 532 1564 1111111
566 1517 741 1581 flagitii
779 1520 1043 1583 reliquerat,
1080 1514 1175 1563 nisi
1202 1547 1268 1553 -—
1293 1514 1611 1579 denupsisset
1646 1545 1708 1550 —-

210 1596 272 1642 50
309 1593 529 1642 animum
575 1598 1007 1655 eoestimulaverant,
1045 1592 1141 1640 nisi
1185 1592 1492 1657 impunitatis
1529 1593 1707 1658 cupido

206 1671 504 1720 retinuisset.
542 1701 608 1707 —
643 1671 702 1719 In
738 1671 974 1719 Historiis
1011 1670 1205 1719 duobus
1246 1670 1387 1719 locis:
1443 1673 1570 1733 3,15
1624 1689 1709 1720 au-

207 1749 325 1797 xilia
367 1749 596 1798 Vitellius
651 1753 898 1811 acciverat,
947 1778 1011 1784 -—
1064 1748 1116 1796 ni
1158 1749 1408 1797 Antonius
1451 1749 1706 1798 victoriam

206 1827 524 1892 praecepisset
557 1862 622 1868 —
659 1830 721 1875 27
759 1832 1011 1879 incesserat
1063 1827 1332 1889 cunctatio,
1380 1827 1430 1874 ni
1469 1857 1533 1863 —
1569 1846 1707 1876 mon—

206 1912 448 1953 strassent
480 1935 559 1954 —.
597 1938 663 1946 -—
699 1909 854 1972 Prope
899 1923 1012 1953 cum
1047 1905 1264 1969 perfecto
1300 1905 1556 1953 indicativi
1593 1923 1707 1954 con-

203 1982 426 2032 iunctum
462 2002 560 2032 uno
595 1984 701 2032 1000
737 1983 932 2031 inveni:
992 1983 1122 2031 Hist.
1165 1985 1206 2045 1,
1231 1984 1292 2030 64
1325 2003 1475 2051 prope
1510 1984 1562 2031 in
1597 2002 1708 2049 pro—

205 2060 354 2108 elium
391 2083 623 2124 eoearsere,
661 2062 712 2109 ni
732 2061 1384 2121 Valens—admonuisset3
1425 2060 1554 2126 (cum
1579 2063 1702 2126 conj.

205 2137 262 2186 D.
304 2141 364 2186 32
403 2157 560 2204 poene
598 2139 830 2202 dixerim)
867 2139 997 2203 —³).

337 2215 587 2266 Nonnulla
623 2217 776 2266 verba
811 2224 861 2265 et
895 2217 1167 2266 locutiones
1192 2217 1245 2265 in
1269 2221 1522 2270 indicativo
1559 2217 1706 2267 modo

202 2291 424 2356 legitime
468 2294 584 2359 pom'
629 2294 799 2358 solere,
838 2295 958 2343 satis
995 2302 1200 2344 constat.
1273 2295 1404 2344 Nam
1439 2295 1490 2343 in
1526 2296 1707 2360 prima—

203 2370 276 2418 ria
312 2372 570 2434 sententia,
609 2390 762 2436 quum
798 2372 1023 2421 condicio
1059 2373 1111 2421 in
1147 2377 1464 2426 condicionali
1487 2376 1518 2424 I
1546 2373 1705 2437 posita

203 2456 280 2496 est
315 2448 566 2514 adjuncta,
605 2457 871 2515 usurpatur
912 2454 1200 2503 indicati-vus
1235 2455 1513 2518 imperfecti,
1552 2469 1704 2515 quum

317 2593 349 2642 ¹)
382 2598 503 2643 Hujus
548 2598 721 2640 loquendi
765 2610 853 2634 usus
896 2600 1071 2634 nonnulla
1107 2612 1126 2634 e
1162 2600 1269 2634 Livio
1315 2600 1483 2644 exempla
1514 2600 1704 2645 congessit

203 2654 387 2697 Kfflmast,
418 2665 503 2699 pag.
524 2654 616 2688 226.
649 2672 700 2677 —-
731 2649 765 2698 2)
797 2655 944 2700 Proleg.
976 2667 1062 2700 pag.
1096 2656 1230 2690 38.—
1253 2651 1287 2699 3)
1305 2656 1527 2690 Praeteriens
1557 2667 1701 2699 moneo,

201 2710 324 2744 locum
354 2711 446 2754 Agr.
481 2709 528 2743 16
561 2721 673 2757 quam
704 2711 881 2753 restituit,
913 2711 952 2745 ni
980 2730 1035 2735 —
1064 2711 1272 2747 consuleret
1304 2710 1408 2754 (vide
1438 2712 1603 2756 Draeger.
1633 2712 1702 2746 Stil

202 2766 235 2800 d.
253 2766 340 2800 Tac.
355 2777 441 2810 pag.
466 2764 536 2809 73)
558 2777 655 2799 nunc
686 2777 767 2801 esse
798 2770 1007 2809 mutatum;
1039 2767 1200 2809 RITTER,
1231 2767 1356 2811 HALM,
1388 2768 1529 2802 KRITZ:
1562 2778 1606 2802 ne
1636 2779 1702 2812 pro

202 2821 443 2856 ni.—WEX
474 2822 514 2856 ni
541 2825 684 2864 tuetu13
716 2823 902 2867 copiosius
933 2823 978 2857 de
1008 2823 1042 2856 h.
1073 2823 1097 2857 1.
1128 2823 1336 2868 disputavit
1365 2823 1402 2857 in
1438 2823 1584 2867 Proleg.
1615 2835 1701 2868 pag.

203 2877 253 2911 34
285 2889 388 2922 sequ.
419 2895 474 2901 -—
503 2877 704 2912 Antecedit
735 2879 846 2914 timor
875 2877 1064 2925 αςὶίαόαι,
1111 2891 1156 2914 ex
1201 2891 1272 2923 quo
1303 2890 1346 2914 ne
1376 2882 1476 2913 reete
1507 2879 1618 2913 scribi
1647 2879 1702 2913 iu-

199 2933 394 2978 telligitur.
